1919 3029
217 259 387 296 Restant
412 263 491 297 tres
513 258 727 297 lectiones:

218 337 277 378 80,
303 333 494 378 apendere
528 334 617 381 Α-ρ;
647 332 964 378 malannum
998 334 1043 371 cf.
1080 336 1162 382 144
1190 334 1257 376 15
1279 325 1428 372 ub1D²
1447 339 1547 383 ‘pro
1550 326 1709 379 penam

103 392 264 429 exhibet
283 391 442 436 pondere

220 451 370 492 120,17
397 460 503 492 usque
528 449 615 494 Αρς
641 460 747 492 usque
771 449 819 483 ad
841 462 883 491 π;
909 461 1014 493 usque
1038 449 1077 483 in
1101 451 1128 485 ὃ.
1721 468 1729 472 ,

221 509 302 549 143,
328 508 348 543 7
377 505 498 549 ibique
511 505 669 540 sallustio
687 505 743 548 A;
768 504 817 540 ibi
839 507 877 550 Q.
897 505 972 542 sall
993 519 1027 552 ρ;
1053 505 1102 539 ihi
1125 505 1237 549 crispo
1260 504 1345 542 sall.
1356 503 1459 549 D²83
1484 505 1535 541 ibi
1548 504 1624 543 sau.
1639 506 1707 551 π’).

219 580 297 617 Sed
337 593 577 628 quamquam
619 581 682 618 his
721 580 820 619 locis
855 593 946 619 vera
983 581 1099 618 lectio
1136 583 1177 618 in
1216 582 1301 619 sola
1339 580 1489 621 familia
1522 582 1709 634 Parisino,

103 637 248 675 tradita
263 642 334 681 est,
362 642 506 679 tamen,
527 650 575 675 ne
596 638 645 676 ob
667 638 770 675 hanc
791 649 948 677 causam
971 639 1245 683 auctoritatem
1267 640 1352 675 eius
1374 638 1501 685 pluris
1525 641 1707 681 aestime÷

104 707 206 738 nmS,
232 694 451 732 cavendum
478 698 547 731 est.
589 695 703 732 >Fieri
729 697 832 733 enim
858 698 990 742 potest
1017 698 1069 738 (et
1098 690 1247 735 120,'17
1275 699 1312 732 et
1339 697 1419 739 143,
1437 697 1456 732 7
1485 694 1549 733 vel
1572 694 1708 744 perse
1779 716 1791 721 „

106 752 320 789 verisimile
346 755 431 795 est),
456 757 500 789 ut
520 763 669 800 paucae
689 751 782 790 ill-ae
802 751 1003 794 lectiones,
1030 763 1129 799 quas
1153 756 1290 790 contra
1315 751 1492 803 codicum
1515 751 1707 790 AMUF
1734 798 1736 800 ‚

108 821 345 847 consensum
381 811 420 847 in
448 814 599 847 textum
632 808 876 857 recipiendas
911 821 996 846 esse
1020 811 1255 862 statuimus,
1289 821 1370 847 non
1402 809 1606 850 traditioni
1638 809 1708 847 sed

105 868 354 904 coniecturae
371 866 606 905 debeantur.
667 866 845 904 Mutasse
872 868 975 904 enim
1001 866 1206 905 librarium
1233 881 1255 901 π
1282 876 1367 905 raro
1396 866 1564 915 quidem>
1580 878 1706 915 neque

103 935 251 969 magna
277 936 365 961 cum
393 924 601 969 diligentia
614 918 849 971 exemplaris
863 923 1051 962 lectiones
1073 923 1163 962 aliis
1184 923 1283 963 locis
1299 926 1396 962 satis
1411 924 1705 972 comprobatur:

107 983 162 1021 12,
190 984 209 1017 7
238 983 269 1015 et
288 980 444 1025 polliceri
469 995 491 1014 π
516 980 574 1023 U;
604 981 759 1025 polliceri
795 980 841 1017 R.
894 1001 907 1004 -·
970 983 1027 1020 35,
1056 984 1072 1016 1
1097 980 1324 1024 plurimisque
1359 995 1398 1022 π;
1432 981 1709 1026 plurissimisqzae

102 1036 151 1080 U,
178 1042 222 1074 ut
247 1037 325 1074 vid.
339 1037 388 1081 2);
409 1038 673 1082 purissimisque
694 1037 729 1074 R
759 1058 798 1062 --
829 1039 885 1079 72,
913 1040 932 1074 7
955 1037 1228 1080 proficisceretur
1244 1051 1283 1080 π;
1302 1038 1528 1081 proliceretwr
1545 1037 1601 1080 A;
1623 1050 1704 1082 pro-

101 1095 215 1137 ficeret
251 1094 289 1131 R
327 1115 368 1118 —
409 1094 615 1131 Praeterea
652 1097 710 1136 46,
740 1097 783 1131 10
820 1096 861 1131 in
900 1108 921 1127 π
959 1093 1081 1131 fuisse
1121 1094 1225 1128 mittit
1264 1106 1383 1141 supra
1421 1106 1457 1142 p.
1498 1098 1544 1132 65
1581 1105 1705 1142 expo-v

103 1152 268 1188 suimus.

218 1204 403 1245 Difficilis
440 1212 500 1245 est
533 1208 644 1245 locus
684 1211 762 1251 102,
789 1211 810 1245 8
836 1210 990 1241 „teratur
1015 1208 1083 1244 Αὖ
1100 1208 1155 1250 M,
1187 1211 1308 1242 oratur
1332 1208 1368 1244 U
1384 1209 1416 1245 F
1443 1221 1518 1255 pn,
1543 1208 1702 1242 hortatur

102 1279 124 1298 π
151 1265 183 1300 F
209 1277 303 1302 corr.
341 1277 363 1301 a
396 1277 452 1311 pr.
482 1278 530 1302 m.
589 1264 812 1302 Verisimile
847 1269 992 1307 tamen,
1028 1267 1214 1312 quoniam
1241 1265 1277 1303 A
1304 1269 1341 1302 et
1367 1265 1409 1302 M
1442 1260 1706 1309 consentiunt,

102 1320 260 1358 videtur
286 1333 372 1358 esse
406 1323 446 1358 in
474 1322 686 1368 archetypo
722 1322 844 1358 fuisse
879 1325 949 1358 aut
982 1324 1147 1362 moratur,
1182 1326 1251 1359 aut
1283 1322 1428 1356 horam&
1459 1322 1540 1364 (vel
1565 1316 1703 1364 eratar)

103 1391 149 1416 ex
177 1381 403 1417 coniectura
428 1381 584 1414 moratur
608 1379 887 1426 suprascripto.

219 1435 561 1483 Sicpraeceptum
599 1436 700 1474 illud
726 1438 903 1473 criticum
942 1447 964 1472 a
991 1436 1107 1473 nobis
1143 1437 1415 1477 constitutum,
1449 1448 1704 1483 quaecunque

104 1493 221 1530 lectio
248 1492 395 1530 tradita
434 1495 486 1530 sit
517 1505 586 1540 pei·
611 1495 647 1531 A
676 1494 783 1538 (rec.)
811 1492 905 1529 MU
922 1493 962 1536 F,
990 1504 1074 1529 eam
1108 1494 1320 1538 genuinam
1360 1505 1445 1530 esse
1479 1492 1702 1531 habendam

103 1551 202 1587 satis
230 1550 386 1587 videtur
412 1562 497 1587 csse
524 1550 811 1588 confirmatum.

217 1605 295 1644 Sed
321 1609 400 1644 iam
428 1607 649 1644 accedimus
668 1607 717 1644 ad
737 1620 817 1644 rem
838 1606 964 1644 multo
986 1605 1258 1649 difficiliorem,
1285 1611 1443 1653 quanta,
1459 1608 1494 1644 si
1513 1621 1530 1653 ρ
1550 1611 1705 1654 pugnat

102 1669 238 1700 eontra
256 1664 293 1700 A
320 1665 423 1705 (rec.)
449 1678 482 1707 π,
509 1664 569 1701 1111
596 1666 807 1702 auctoritas
834 1666 887 1701 sit
912 1663 1130 1701 tribuenda.
1191 1662 1301 1708 Quae
1334 1659 1405 1701 res
1430 1668 1474 1702 ut
1499 1663 1704 1701 diiudicari

102 1721 241 1767 possit,
267 1722 438 1767 primum
462 1732 528 1758 eos
547 1720 656 1758 locos
676 1721 1007 1761 enumerabimus
1022 1721 1177 1766 quibus,
1197 1725 1240 1756 ut
1257 1721 1436 1767 postulat
1453 1725 1703 1767 praeceptum

102 1776 215 1820 illud,
240 1788 333 1814 vera
358 1776 473 1814 lectio
501 1777 646 1814 tradita
672 1782 730 1814 est
755 1789 823 1825 per
849 1777 883 1814 A
912 1780 1007 1820 (rec.)
1034 1790 1065 1812 π.

352 1880 383 1916 Α
412 1882 527 1927 (rec.)
554 1881 587 1916 P
602 1880 631 1915 V
902 1880 904 1928 !
1259 1879 1340 1916 MU
1354 1880 1384 1916 F

149 1950 219 1990 3,2
246 1949 444 1994 equitum;
470 1949 620 1994 equites
647 1951 664 1982 ὃ
680 1949 734 1983 Rk
934 1948 1131 1994 equitatus

125 2007 183 2048 20,
198 2007 220 2041 2
245 2006 310 2042 hic
933 2003 1026 2040 huic

129 2064 221 2105 19,3
247 2062 487 2098 tristimonia
903 2089 905 2104 ,
934 2061 1038 2097 tristi
1063 2060 1113 2093 Μ
1116 2071 1127 2102 ;
1154 2062 1317 2098 tristicia
1350 2061 1384 2095 U
1392 2061 1428 2094 F

126 2121 218 2161 30,1
247 2118 448 2164 equitibus
903 2108 905 2150 ἶ
934 2118 1083 2163 equites
1117 2116 1152 2152 U
1160 2117 1210 2159 F·
1237 2118 1465 2164 equitesque
1492 2117 1540 2150 M

126 2178 244 2216 31,12
269 2179 419 2212 turmas
446 2175 697 2217 AP3tU1ma
730 2175 762 2209 V
903 2178 1162 2221 turmasque
1188 2176 1205 2208 ὃ

126 2234 245 2276 31,13
271 2235 363 2278 post
389 2230 530 2269 collem
556 2232 612 2265 Α
598 2244 635 2274 0
657 2236 748 2278 post
774 2231 874 2269 colle
903 2211 904 2266 i
902 2235 1025 2297 post
1050 2230 1269 2278 collemque

200 2288 235 2322 P
250 2287 284 2322 V
902 2275 904 2318 ἴ

218 2422 240 2457 ¹)
260 2421 434 2452 Praeterea
453 2424 499 2458 86,
512 2426 529 2452 6
550 2421 638 2452 haud
659 2420 727 2452 scio
741 2423 882 2452 anreete
895 2420 1042 2452 Wolfflin
1053 2429 1095 2451 ex
1106 2419 1226 2457 detulit,
1241 2420 1329 2459 quod
1340 2421 1437 2453 habet
1449 2421 1483 2458 P,
1504 2420 1703 2453 concluserit

102 2469 211 2506 priore
230 2477 330 2499 versu
350 2467 560 2500 scribendum
581 2478 655 2500 esse
675 2467 818 2499 deductis
838 2477 896 2505 pro
916 2467 1056 2498 reductis
1075 2470 1182 2506 atque,
1205 2472 1241 2500 ut
1261 2469 1322 2500 hoc
1342 2469 1534 2506 efficeretur,
1563 2468 1703 2506 margini

103 2528 121 2546 π
142 2516 179 2547 de
198 2515 402 2554 adscriptum
424 2515 536 2548 fuisse.

216 2564 241 2599 ⁹)
263 2563 312 2594 cf.
333 2572 407 2601 app.
429 2563 499 2595 crit-

216 2610 239 2648 3)
259 2609 577 2643 Luculentissimum
605 2612 714 2642 exstat
740 2609 929 2647 exemplum
957 2610 991 2641 in
1022 2611 1050 2642 b.
1072 2610 1122 2641 Al.
1145 2613 1192 2647 62,
1213 2612 1245 2642 1:
1270 2610 1387 2648 paucis
1407 2611 1577 2649 diebusque
1609 2610 1702 2642 Cam·

102 2659 130 2689 A
151 2657 230 2689 Lov.
252 2657 297 2695 U;
314 2657 432 2696 paucis
452 2657 563 2689 diebus
585 2658 620 2694 Q.
646 2657 739 2690 Cassi
759 2657 798 2694 F;
815 2658 993 2696 pazoeisque
1012 2657 1123 2689 diebus
1147 2657 1242 2689 Cassi
1261 2658 1287 2689 P
1306 2657 1347 2688 V.
