1919 3029
144 295 234 378 08ῗὲ
264 282 565 321 concederemus
592 280 716 326 (velut
748 283 807 324 44,
827 283 873 325 6;
900 283 959 324 ῗ2,
983 280 1043 326 ὁ)
1068 240 1177 328 1166-·’
1189 276 1239 320 ud
1265 304 1268 306 -
1293 284 1342 344 66

142 353 190 379 su
236 343 346 379 ceret
1359 362 1363 365 -

123 444 125 447 ,
257 406 375 444 Unus
421 405 557 450 codex,
607 418 747 453 quem
774 405 824 443 ad
873 403 1200 454 interpolationes
1236 362 1423 448 aliorum
1426 414 1546 461 -ΨΥ-

143 463 312 502 alicuius
347 465 539 502 momenti
570 474 656 501 esse
689 460 836 506 credas,
869 466 930 499 est
955 453 1363 505 Ashburnhamens'is‚
1387 452 1552 516 quipp&

142 521 247 559 batis
274 520 426 558 scilicet
447 522 515 564 eis,
539 531 638 567 quae
665 519 712 556 de
731 521 882 566 origine
899 521 984 557 eius
995 521 1273 572 exposuimus,
1298 511 1504 571 dimidiiffi
1526 562 1529 564 ,

143 583 294 626 partem
323 579 532 614 contineat.
577 576 629 613 Et
654 588 733 613 uno
759 575 846 614 loco
865 588 961 613 sane
980 577 1057 620 (27,
1074 579 1115 622 3)
1140 579 1276 615 vo'cem
1283 574 1413 618 horae,
1433 585 1534 623 quae
1583 615 1594 621 ,,
1667 618 1690 623 φ

144 637 185 673 1ιι
205 635 286 678 Aa,
313 633 520 671 delendam
542 645 627 671 esse
649 644 763 671 nemo
783 637 854 677 est,
880 635 949 681 qui
975 638 1099 681 neget.
1142 621 1347 672 Priieterea
1370 635 1431 677 23,
1448 634 1471 670 3
1494 628 1630 674 emitto
1672 620 1753 676 ”313⁵

143 694 212 730 vix
238 695 371 739 potest
382 691 412 736 ¹)
427 696 466 728 et
487 693 568 733 118,
581 693 604 728 6
628 694 805 738 praestat
830 702 966 729 vocem
984 691 1071 726 male
1092 695 1138 733 ut
1158 687 1206 730 ab
1226 692 1361 738 inepto
1388 680 1558 737 quodam
1583 677 1614 733 ,Β
1653 738 1656 739 ⁷

143 748 320 786 additam
361 747 502 791 delere,
541 759 660 795 quam
699 759 786 785 oum
825 746 1055 785 Vascosano
1093 747 1299 787 emendare
1336 758 1360 782 a
1395 758 1442 790 se,
1462 742 1603 794 q'uod
1613 743 1669 794 pl

142 816 478 854 supervacaneum
506 807 575 842 est.
628 804 774 842 Tamen
801 809 1073 853 pimaeteiquam
1110 804 1216 853 quod
1251 802 1314 842 his
1348 795 1447 842 locis
1472 798 1681 841 lectionem
1707 801 1777 844 A

143 865 367 901 coniectura
401 863 604 899 inventam
644 873 730 899 esse
768 870 886 909 posse
920 862 1212 900 concedendum
1251 865 1323 906 est,
1360 864 1516 900 tantum
1536 858 1666 905 abest,
1696 862 1785 902 ut
1803 911 1813 915 θ

143 922 262 958 etiam
297 921 448 964 ceteris,
488 931 587 967 quos
624 921 665 957 in
698 920 941 967 plaefatione
968 919 1174 958 Woelfflin
1209 918 1355 962 attulit,
1392 918 1491 957 locis
1529 917 1675 958 codicis
1708 919 1745 971 A

144 979 416 1014 auctoritatem
443 978 555 1023 sequi
581 976 806 1019 debeamus,
834 982 879 1015 ut
904 977 1122 1020 nonnullis,
1161 978 1196 1014 si
1222 975 1379 1023 quidem
1406 980 1506 1012 recte
1534 986 1759 1026 perspexe‘

143 1036 280 1077 rimus,
306 1045 355 1070 ne
380 1035 581 1096 possimus
610 1033 766 1080 quidem
794 1046 930 1072 vocem
958 1035 1144 1071 omittere
1196 1032 1317 1070 Velut
1341 1035 1399 1076 46,
1427 1025 1483 1076 12,
1508 1034 1542 1070 si
1568 1033 1758 1072 conferas
1794 1037 1809 1076 ζ
1832 1026 1919 1081 ἓ

145 1094 268 1134 17,.1;
293 1090 425 1135 reqium
449 1090 539 1124 enim
564 1091 753 1134 equitatum
778 1091 892 1134 Scipio
918 1103 959 1125 ea·
986 1090 1167 1135 provincia
1192 1090 1318 1134 Afri-ca
1342 1089 1462 1132 alebat,
1488 1089 1563 1129 hoc
1589 1096 1745 1141 quoque
1820 1067 1919 1141 Ἐξ

142 1147 240 1185 1000
256 1150 347 1195 apte
374 1146 451 1184 dici
471 1146 630 1191 Africam
651 1148 866 1191 provinciam
892 1160 970 1185 non
998 1148 1154 1185 dubites
1169 1146 1221 1193 2);
1246 1147 1426 1185 hortatur
1452 1147 1597 1186 Caesar
1617 1138 1776 1199 mal'gij⁴vv
1797 1178 1800 1179 γ
1901 1148 1919 1186 fi

143 1209 310 1241 stratum
336 1203 574 1246 Romanum,
610 1209 654 1241 ut
685 1216 802 1251 quam
835 1201 1033 1242 celerrime
1063 1206 1289 1251 provinciae
1314 1204 1517 1242 Romanae
1550 1205 1744 1243 auxilium

141 1263 285 1299 mittat.
337 1263 396 1304 81,
414 1263 436 1298 6
454 1260 576 1303 Jubaa,
596 1260 702 1308 quod
721 1260 830 1298 deest
847 1263 888 1298 in
907 1261 955 1304 A,
979 1263 1014 1299 si
1032 1263 1072 1299 in
1090 1260 1203 1300 nullo
1223 1260 1354 1299 codice
1372 1266 1486 1307 esset,
1511 1260 1744 1301 iamdudum
1780 1286 1798 1296 -.

145 1321 370 1357 coniectura
395 1317 576 1356 additum
603 1323 706 1356 esset
718 1318 755 1361 3).
802 1318 992 1356 Similiter
1013 1322 1071 1361 32,
1092 1323 1137 1357 10
1161 1321 1203 1357 1ιι
1228 1319 1314 1357 loco
1341 1332 1403 1357 me
1429 1319 1587 1367 quidem
1616 1319 1745 1358 iudice

142 1376 347 1423 desperato
370 1374 531 1409 Caesaris
556 1377 686 1413 omitti
712 1387 792 1413 non
818 1387 936 1422 posse
961 1375 1028 1420 vel,
1051 1387 1099 1412 ex
1115 1375 1315 1414 locutione
1332 1376 1469 1411 aum‘lia
1485 1369 1748 1411 subministrare

142 1432 400 1478 intellegitur,
436 1434 582 1480 quippe
609 1444 708 1480 quae
735 1444 821 1469 eum
859 1433 1068 1467 adversariis
1102 1435 1289 1480 coniungi
1322 1433 1435 1471 nullo
1467 1432 1584 1471 modo
1617 1434 1746 1483 possit
1825 1482 1828 1484 q

143 1491 360 1536 (nusquam
400 1491 503 1526 enim
543 1489 688 1535 legitur
733 1490 1033 1526 subministrare
1078 1492 1239 1527 notione
1286 1490 1512 1538 opponendi
1548 1490 1746 1534 indutum,
1815 1520 1837 1524 η
1888 1492 1892 1495 “
1914 1505 1917 1507 ·

142 1558 270 1593 neque
296 1548 424 1593 magis
450 1545 658 1594 probanda
684 1550 745 1583 est
772 1545 939 1583 Funckii
967 1546 1216 1591 sententia⁴),
1242 1549 1428 1594 quoniam
1454 1548 1592 1591 ironia,
1626 1547 1745 1596 quam

141 1603 210 1640 illc
237 1603 326 1640 vult
352 1607 535 1644 statuere,
564 1603 612 1640 ab
640 1603 760 1639 huius
788 1605 990 1650 scriptoris
1017 1603 1165 1650 pusillo
1195 1605 1353 1649 ingenio
1382 1609 1442 1641 est
1459 1604 1743 1652 alienissima-1.

142 1659 290 1697 Ceteris
327 1671 419 1697 vero
458 1659 557 1697 locis
596 1671 711 1697 voces
746 1661 786 1696 in
813 1660 852 1697 A
882 1661 1052 1697 omissas
1091 1659 1247 1697 delendi
1285 1652 1398 1698 nulla
1434 1664 1495 1698 est
1519 1663 1745 1705 necessitas,

139 1718 370 1764 praesertim
412 1729 500 1753 oum
534 1716 628 1764 plus
666 1717 796 1753 tricies
831 1719 870 1753 in
907 1717 942 1758 A
976 1728 1091 1753 voces
1129 1716 1449 1761 deessesvideas,
1487 1728 1585 1765 quas
1626 1717 1745 1765 plane
1796 1711 1802 1713 ‚

141 1775 384 1811 necessarias
411 1785 496 1811 esse
522 1785 572 1810 ne
598 1772 806 1811 Woelfflin
834 1773 991 1820 quidem
1018 1775 1189 1820 negavit.
1758 1780 1760 1783 ’

257 1840 339 1876 Iam
368 1841 487 1876 etiam
512 1840 578 1876 hic
604 1839 727 1877 codex
764 1843 956 1887 quantum
995 1840 1044 1877 ad
1083 1839 1407 1888 interpolationes
1446 1816 1758 1888 investigandas*

140 1897 284 1940 valeat,
312 1901 484 1944 apparet.
529 1896 737 1934 Trecentas
765 1898 884 1943 igitur
909 1908 998 1934 cum
1020 1895 1228 1935 Woelfflin
1254 1899 1395 1935 statuit
1420 1898 1755 1946 interpolationes.
1864 1949 1866 1951 K

142 1953 257 1992 nulla
282 1953 360 1991 fere
385 1955 526 1992 nititur
551 1953 731 1992 codicum
757 1955 1001 1992 auctoritate.
1811 1972 1819 1994 χ
1832 1971 1873 1997 ὲ,
1892 1968 1916 2001 »ᾗ

258 2020 395 2068 Neque
409 2022 536 2067 magis
555 2024 600 2057 ut
614 2019 940 2067 interpolationes
955 2019 1046 2057 illa:
1060 2020 1530 2067 probemuffiadducimur
1543 2034 1743 2061 commen-
1778 2050 1780 2052 v

140 2079 231 2114 tarii
245 2089 434 2116 sermone.
481 2077 658 2115 Primum
685 2079 789 2115 enim
810 2076 872 2115 vel
900 2077 1097 2120 omnibus,
1125 2089 1224 2125 quae
1250 2078 1360 2117 iubet
1373 2077 1594 2124 Woelfflin,
1613 2077 1742 2121 &erbis

141 2136 274 2172 eiectis
298 2139 459 2177 restant,
486 2136 527 2171 in
547 2135 691 2181 quibus
707 2133 898 2178 offendas,
920 2136 1016 2171 satis
1034 2133 1162 2172 multa
1178 2146 1306 2182 neque
1323 2136 1433 2180 talia,
1459 2148 1558 2184 quae
1576 2136 1742 2177 delendo
1809 2180 1813 2182 Y
1866 2182 1869 2185 y
1913 2179 1916 2182 Δ

140 2196 259 2238 atque
278 2190 522 2227 includendo
550 2193 682 2229 sanari
702 2192 870 2238 possint.
909 2190 1043 2233 Velut,
1069 2194 1114 2228 ut
1133 2202 1261 2238 pauca
1276 2191 1448 2236 afferam,
1463 2196 1534 2237 3,4
1558 2192 1761 2245 legionibus
1782 2191 1799 2231 .'
1825 2239 1830 2246 ι

139 2247 286 2283 collectis
310 2246 379 2282 VI·
392 2261 399 2269 ·
414 2261 433 2290 ·‚
458 2249 498 2282 ut
522 2259 674 2292 quaeque
693 2247 813 2292 prima
835 2247 919 2293 legio
934 2249 1081 2290 venerat,
1096 2261 1103 2269 ·
1117 2261 1125 2270 ·
1139 2261 1146 2270 ·
1159 2248 1437 2293 imponebantur;
1457 2253 1524 2295 4,2
1537 2249 1745 2296 deonmibus
1805 2244 1812 2257 ⁵
1854 2246 1859 2248 ’
1880 2246 1892 2254 ”

256 2400 278 2434 ¹)
299 2398 391 2438 Quae
405 2398 556 2431 Moelken
576 2409 607 2438 p
619 2402 657 2431 30
677 2399 842 2438 exposuit
862 2409 1062 2437 quamquam
1082 2400 1118 2431 in
1137 2399 1331 2433 universum
1344 2402 1511 2441 probanda
1525 2382 1613 2442 sunt,
1633 2405 1746 2437 tamen

138 2447 180 2477 ad
201 2447 291 2477 hunc
310 2446 420 2477 locum
440 2445 684 2479 defendendum
703 2456 771 2478 non
791 2446 972 2478 sufficiunt.
1008 2447 1148 2479 Nullum
1168 2447 1258 2480 enim
1274 2448 1388 2481 attulit
1411 2449 1529 2489 locum,
1560 2460 1626 2489 quo
1644 2444 1744 2490 plmie

138 2493 346 2525 desideretur
366 2493 571 2531 pronominis
591 2493 842 2526 demonstrativi
861 2493 984 2526 relatio.

256 2540 278 2578 ²)
298 2540 392 2572 Idem
413 2541 567 2577 cognovit
587 2541 749 2579 Moelken,
769 2552 800 2580 p·
821 2544 859 2573 54
878 2541 953 2573 adn.

253 2588 278 2626 ⁸)
300 2585 454 2621 Ceterum
474 2588 559 2620 hanc
582 2598 693 2621 vocem
703 2588 881 2628 Woelfflin,
902 2599 1102 2629 quamquam
1121 2590 1158 2623 1ιι
1176 2591 1380 2630 praefatione
1398 2591 1435 2623 in
1453 2590 1747 2635 interpolationuni

137 2644 275 2667 numero
296 2635 420 2674 habuit,
441 2638 554 2667 tamen
574 2645 683 2674 neque
704 2637 738 2668 1ιι
758 2639 854 2669 textu
873 2646 983 2676 neque
1001 2638 1038 2670 1ιι
1057 2640 1217 2678 apparatu
1236 2638 1352 2672 critico
1371 2638 1468 2672 uncis
1486 2638 1632 2680 inclusit,

122 2677 126 2686 ‘
251 2682 277 2719 ⁴)
298 2681 348 2715 Of.
368 2682 530 2726 Philolog.
554 2682 666 2715 XLIX
687 2692 718 2722 p.
739 2686 804 2716 670.
