1919 3029
241 238 456 288 &aaron
471 218 626 286 iactam
650 251 720 286 est
738 203 1068 293 Reitzensteinii
1067 250 1107 285 et
1131 241 1369 294 Kiesslingii
1392 245 1686 289 benevolentia,
1708 249 1759 283 ut

144 299 309 358 &affin
318 296 370 341 ‘V
373 311 540 376 quoque
572 315 679 345 nova
710 304 936 362 0οΠ0110110,
971 304 1089 353 quam
1119 303 1331 352 Kiessling
1363 303 1531 361 confecit
1561 304 1624 359 uti
1657 301 1759 342 mihi

266 426 326 481 De
350 428 487 466 ceteris
514 426 714 466 codicibus
741 427 869 468 denuo
896 424 1033 466 0οΠ011
1059 432 1153 465 011111
1177 427 1221 465 111
1245 427 1338 466 loci:

259 497 301 543 -1,
352 492 497 532 0οᾶ1010
511 488 906 533 Ashburnhamensis
922 488 991 540 (A)
1007 505 1105 531 saec.
1120 494 1161 533 X
1183 495 1359 531 ineuntis
1372 496 1543 540 (auctore
1556 492 1752 532 Dziatzko

3 576 45 586 -
148 550 480 599 palaeographiae
516 546 665 589 latinae
701 553 745 589 in
780 552 918 599 primis
955 551 1119 599 perito):
1164 554 1204 595 6;
1250 553 1404 595 21—22,
1426 554 1468 596 23
1506 553 1662 594 32—33,
1687 553 1752 595 11;

149 607 208 656 35,
231 610 401 651 11-37,
419 611 459 651 9;
517 610 576 651 39,
591 611 735 652 7-40,
757 611 800 652 4;
857 611 1076 651 43‚1-43,
1098 612 1140 652 8;
1195 611 1343 652 93.14;
1400 611 1753 652 100‚15—‘102,4;

0 645 82 696 Ϊζῗῖ
102 696 110 699 -
128 665 232 718 ..1⁰3⁹
244 666 397 708 ’1-104,
412 665 450 708 7;
478 667 559 709 123,
575 666 751 709 11-124,
765 668 809 708 3;
837 668 917 709 144,
931 668 953 702 3
978 677 1105 712 usque
1131 663 1180 701 ad
1205 664 1325 702 finem
1352 664 1540 710 (contulit
1563 665 1751 703 Reitzen-

85 731 92 736 ’
150 721 293 767 010111);
318 724 376 766 66,
393 725 545 766 16-96,
560 724 606 759 15
632 720 819 774 (contulit
845 721 890 759 G.
919 721 1183 767 Consbruch).

119 816 125 820 .,
262 779 296 815 2.
347 778 493 816 codicis
530 778 737 817 Ursiniani
774 768 848 824 (U)
891 790 989 817 saec.
1028 779 1124 816 XII:
1166 782 1221 822 18
1236 782 1301 817 3-
1309 782 1367 823 24,
1384 783 1445 823 10;
1488 783 1547 823 49,
1563 783 1629 817 6—-
1635 783 1694 820 51,
1711 782 1755 823 6;

150 836 208 886 73,
222 837 352 880 5—77,
368 839 413 874 10
439 835 625 882 (contulit
649 835 948 882 Reitzenstein).

263 896 295 930 3.
347 892 492 931 codicis
518 893 740 930 Florentini
765 893 833 938 (F)
861 905 960 930 saec.
987 893 1069 931 XII
1094 894 1269 938 (auctore
1296 893 1531 940 Dziatzko):
1570 896 1755 937 1—10‚6;

13 940 17 943 ⁴
76 954 78 956 ·
150 946 410 997 321‚8-35‚3;
437 953 697 994 73,5—74‚7;
724 951 964 994 75,5—79‚5
991 950 1179 995 (contulit
1203 951 1503 996 Reitzenstein).

153 1043 160 1051 ,
263 1009 296 1044 4.
348 1006 493 1045 codicis
518 1006 787 1053 Rhedigerani
811 1009 856 1044 57
885 1006 986 1052 (Rh)
1013 1019 1111 1045 saec.
1130 1008 1221 1051 XV,
1246 1020 1269 1045 a
1295 1007 1535 1045 Schneidero
1563 1007 1751 1046 adhibiti:

152 1066 282 1107 1-18,
297 1065 319 1100 2
346 1063 533 1108 (contulit
556 1063 855 1108 Reitzenstein).

263 1130 442 1167 Accessit
474 1129 644 1177 denique
678 1131 1010 1167 commentatione
1045 1142 1133 1168 mea
1164 1132 1243 1167 iam
1281 1129 1458 1174 confecta
1490 1128 1614 1167 codex
1649 1129 1752 1167 Mus.

149 1185 268 1224 Borb.
294 1185 352 1223 IV
378 1198 407 1224 c.
436 1186 475 1224 H
503 1186 566 1232 (B)
593 1198 690 1224 saec.
717 1186 798 1224 XII
834 1188 1010 1228 incuntis
1051 1186 1182 1224 adhuc
1220 1198 1302 1225 non
1340 1186 1557 1230 adhibitus,
1596 1186 1644 1224 de
1676 1198 1754 1234 quo

150 1244 323 1291 primum
348 1244 660 1292 subscriptiones
697 1245 874 1281 enotavit
899 1243 1106 1288 Dziatzko,
1139 1243 1280 1281 deinde
1306 1248 1479 1282 extrema
1511 1244 1549 1282 b.
1576 1244 1639 1282 Af.
1669 1249 1754 1283 octo

151 1302 282 1348 capita
321 1299 368 1338 G.
403 1300 561 1339 Koertii
597 1302 779 1349 precibus
814 1306 1035 1340 commotus
1063 1301 1234 1340 contulit
1265 1301 1374 1345 Mau,
1414 1305 1628 1350 postremo,
1666 1313 1756 1339 cum

151 1359 229 1395 iam
273 1359 382 1406 typis
418 1360 585 1407 exprimi
618 1358 715 1396 haec
751 1360 1029 1397 commentatio
1069 1363 1209 1407 coepta
1245 1364 1361 1403 esset,
1396 1361 1515 1397 etiam
1539 1360 1757 1407 primorum

150 1417 296 1463 viginti
328 1417 501 1464 capitum
532 1416 802 1454 Reitzenstein
828 1416 1082 1455 collationem
1108 1429 1262 1455 mecum
1288 1418 1606 1459 communicavit,
1638 1427 1757 1463 quam

148 1473 318 1510 confecit
341 1471 405 1511 W.
432 1473 559 1511 Kroll.

271 1540 331 1577 De
358 1542 470 1578 cuius
498 1541 643 1579 codicis
670 1542 901 1579 auctoritate
935 1545 973 1578 et
1007 1542 1156 1588 origine
1190 1543 1232 1579 in
1267 1540 1482 1589 appendice
1518 1541 1639 1578 verba
1671 1539 1755 1578 feci.

149 1598 359 1635 Lectiones
393 1610 491 1643 vero
521 1600 604 1636 eius
640 1609 728 1635 cum
767 1599 917 1641 ceteris,
956 1610 1055 1646 quae
1092 1600 1135 1636 in
1169 1598 1451 1637 collationibus
1486 1599 1755 1642 inveniuntur,

152 1654 333 1692 codicum
371 1654 624 1696 lectionibus,
661 1660 706 1692 ut
744 1667 788 1693 eo
826 1655 983 1692 facilius
1020 1655 1254 1703 perlustrari
1286 1659 1461 1703 possent,
1510 1657 1552 1692 in
1590 1655 1757 1693 formam

149 1717 368 1760 apparatus
387 1714 511 1750 critici
528 1712 672 1759 redegi,
690 1714 754 1750 cui
771 1717 924 1750 textum
942 1713 1093 1750 subieci
1119 1712 1305 1751 editionis
1320 1711 1546 1750 Woelfflini
1563 1711 1756 1759 neglectis

148 1769 301 1807 scilicet
336 1773 375 1807 et
407 1772 519 1808 uncis
555 1774 593 1807 01
628 1771 758 1808 verbis
784 1782 853 1817 per
879 1769 1063 1817 obliquas
1088 1770 1242 1808 litteras
1277 1771 1325 1808 ab
1353 1770 1571 1808 editoribus
1598 1769 1755 1807 additis.

146 1827 339 1874 Reliquas
377 1827 556 1865 codicum
581 1826 718 1864 AUF
751 1827 952 1869 1001101100,
991 1839 1040 1864 110
1072 1839 1213 1874 parum
1244 1828 1362 1875 pleno
1400 1832 1595 1875 apparatu
1633 1829 1757 1864 nimia

146 1884 372 1931 legentibus
414 1885 610 1922 tribuatur
654 1895 782 1932 opera,
830 1895 878 1921 ex
926 1883 1167 1921 editionibus
1188 1916 1193 1931 2
1211 1883 1438 1922 Woelfflini
1475 1889 1513 1922 et
1555 1884 1754 1922 Duebneri

150 1942 343 1990 supplevi.
372 1949 375 1950 ’

251 2008 309 2046 ·In
324 2020 401 2056 quo
423 2012 615 2056 apparatu
628 2020 776 2052 omnes,
791 2019 890 2056 quae
905 2020 953 2045 cx
966 2008 998 2044 P
1010 2008 1044 2045 L
1055 2007 1126 2054 V1)
1137 2008 1225 2045 MN
1236 2009 1270 2046 D
1281 2011 1299 2043 ὃ
1318 2008 1536 2046 afferuntur
1550 2007 1754 2051 lectiones,

150 2078 198 2104 ex
226 2065 509 2105 collationibus
535 2067 682 2108 nostris
707 2067 853 2114 petitae
880 2069 994 2110 sunt;
1021 2065 1068 2103 de
1094 2066 1131 2104 A
1153 2065 1192 2102 U
1213 2066 1257 2109 F,
1291 2078 1390 2115 quae
1424 2065 1553 2104 denuo
1587 2064 1756 2103 collatae

150 2129 257 2167 sunt,
282 2126 395 2170 signo
421 2123 528 2168 *(A*
541 2123 600 2160 U*
614 2123 685 2169 F*)
714 2123 962 2161 denotantur.
1013 2123 1069 2161 -In
1106 2126 1254 2167 0010110,
1290 2124 1396 2172 quod
1429 2125 1569 2161 attinet
1601 2122 1755 2160 codices

149 2180 189 2218 U
201 2181 235 2218 F
259 2185 370 2218 totus
388 2180 541 2228 pendeo
563 2192 586 2217 a
603 2180 826 2224 Duebnero,
845 2182 1034 2228 quoniam
1051 2179 1264 2218 Woelfflin
1282 2186 1321 2218 et
1338 2184 1435 2229 ipse,
1461 2191 1560 2228 quae
1580 2179 1756 2222 adnotat,

149 2238 359 2277 Duebnero
385 2238 541 2277 videtur
575 2238 714 2277 debere
746 2242 794 2283 et,
833 2242 879 2276 ut
911 2237 1154 2286 despiciebat
1190 2237 1283 2277 illos
1323 2237 1488 2283 codices,
1526 2239 1583 2275 ita
1614 2237 1680 2276 vel
1713 2239 1755 2275 in

152 2301 345 2344 apparatu
370 2296 559 2334 lectiones
587 2308 721 2334 eorum
748 2298 982 2344 saepissime
1009 2297 1152 2333 omisit.

86 2410 89 2413 ⁵
143 2431 382 2459 perspeoeeram,
404 2420 579 2452 contulisse
599 2431 690 2458 aegre
709 2420 777 2457 fero
803 2430 904 2459 neque
930 2430 981 2451 me
1001 2419 1087 2451 nihil
1115 2420 1278 2458 cuicluam,
1310 2420 1395 2459 quod
1423 2419 1557 2457 adderet,
1585 2419 1755 2458 rehtluisse

148 2467 291 2506 affirmo.
334 2468 420 2500 Sunt
440 2468 477 2500 de
497 2468 616 2506 quibus
636 2467 787 2505 dubitem,
808 2477 1007 2505 quamquam
1026 2467 1065 2499 in
1084 2467 1277 2499 universum
1299 2470 1379 2499 reete
1399 2467 1516 2498 codicis
1536 2467 1685 2498 lectiones
1704 2477 1757 2498 me

104 2514 107 2515 ⁷
148 2515 331 2548 exhibuisse
350 2515 484 2554 confido.
515 2533 536 2537 -
563 2515 627 2547 His
647 2515 749 2554 igitur
768 2515 849 2547 locis
870 2513 1084 2546 dubitationis
1104 2517 1216 2547 notam
1245 2518 1277 2547 et
1297 2515 1370 2553 ipse
1390 2514 1616 2546 Reitzenstein
1643 2517 1677 2546 et
1697 2524 1758 2552 ego

147 2562 395 2602 adscripsimus.

262 2612 284 2648 ι)
305 2611 379 2643 Nisi
407 2609 495 2650 quod
520 2610 620 2643 huius
647 2610 805 2643 lectiones
831 2610 975 2642 dilucido
1002 2609 1170 2642 Duebneri
1196 2610 1386 2642 testimonio
1416 2613 1529 2641 contra
1556 2609 1752 2647 Kiesslingii

74 2642 96 2660 μ’
147 2658 318 2691 silentium
337 2660 495 2698 firmatas,
516 2662 553 2690 ut
572 2669 632 2697 par
652 2662 730 2696 erat,
752 2659 788 2690 in
807 2660 1000 2698 apparatum
1020 2658 1140 2696 recepi.
