1919 3029
288 197 459 244 Signum
482 198 515 235 Ο
540 198 853 245 intellegendum
880 203 941 237 est
958 200 1051 237 Αδ·
1065 199 1098 236 P
1112 199 1214 237 LV·
1229 199 1324 237 MN
1340 188 1436 245 (8811.
1459 161 1552 242 i'nde
1566 189 1594 238 8
1601 210 1657 249 Ρ.
1668 178 1727 245 60,
1726 168 1796 240 11
1839 215 1849 222 ·

171 256 326 292 tmorem
343 255 503 299 coniecti)
521 256 557 294 D
572 255 611 293 U
625 255 658 294 F
670 255 720 303 ¹);
746 255 830 295 cod.
849 255 1154 304 Rhedigeranus
1172 260 1212 296 et
1222 256 1470 298 Borbonicus
1491 257 1563 298 ubi
1579 245 1794 323 8888111191ζῇ
1832 275 1842 278 -

171 325 352 351 seorsum
369 314 696 352 nominabuntur.
742 313 970 352 Ceterorum
987 316 1216 359 recentium,
1236 326 1404 363 quorum
1423 314 1631 354 lectiones
1632 315 1786 363 passim
1802 345 1810 348 ι.
1890 337 1898 349 ‚-

169 370 359 418 leguntur
384 372 427 408 in
453 372 656 411 Duebneri
690 376 897 420 apparatu,
930 373 1124 411 rationem
1158 384 1241 411 non
1273 372 1412 417 habui,
1445 373 1591 422 quippe
1625 372 1807 422 quibus„

170 434 384 477 antequam
413 442 461 467 ex
486 430 617 477 plenis
644 428 931 468 collationibus
959 442 1095 468 eorum
1122 431 1230 476 origo
1255 431 1428 478 perspici
1451 430 1596 478 potest,
1627 433 1782 477 pertun
1840 424 1843 425 ⁷

170 487 334 525 baretur
357 489 486 534 magis
515 488 695 535 quaestio
722 490 872 530 nostra,
901 498 1020 534 quam
1040 485 1303 524 adiuvaretur.
1347 487 1410 525 Ex
1428 497 1508 525 uno
1525 487 1822 531 Lovaniensis,

171 545 287 581 cuius
314 549 458 582 natura
476 557 524 582 ex
543 546 611 587 eis,
638 556 739 591 quae
764 548 885 581 notae
906 547 1014 587 sunt,
1039 543 1293 588 lectionibus,
1319 546 1417 582 satis
1443 546 1692 592 perspicitur,
1718 555 1784 582 eas

170 600 362 638 adnotavi
395 601 598 644 lectiones,
633 602 779 648 quibus
815 603 997 647 congruit
1030 613 1119 639 cum
1145 601 1182 638 A
1210 600 1467 639 dissentiente
1493 603 1528 646 δ;
1564 600 1671 649 quod
1706 613 1784 648 qua

171 657 219 696 de
245 670 366 696 causa
391 659 548 697 fecerim
574 670 647 696 suo
674 658 762 696 loco
792 658 1007 706 apparebit.

287 716 363 752 Per
388 716 449 752 D¹
476 716 724 762 significatur
748 717 878 763 prima
902 727 1045 753 manus
1073 715 1220 753 codicis
1248 716 1283 752 D
1311 717 1360 753 ab
1395 717 1612 754 recentium
1648 716 1783 754 ordine

174 772 316 816 aliena,
354 784 423 820 per
461 773 520 809 Ι)2
555 774 700 817 01111118,
735 784 835 820 quae
875 783 1117 820 quamquam
1154 772 1247 819 plus
1290 774 1361 810 uni
1398 772 1560 811 librario
1599 772 1786 810 videntur

175 830 320 873 deberi,
346 829 422 869 hoc
448 835 582 867 tamen
608 830 769 868 vinculo
796 832 898 868 inter
924 842 966 867 se
993 829 1215 873 cohaerent,
1250 834 1295 867 ut
1319 830 1508 878 pleraque
1542 844 1591 869 ex
1617 830 1749 869 codice
1766 832 1784 865 δ

172 887 295 924 simili
322 889 402 924 sint
428 891 597 924 enotata.
642 887 724 925 Ubi
750 887 954 924 difficilius
982 886 1203 930 videbatur,
1229 898 1374 924 manus
1401 885 1631 931 discernere,
1656 889 1782 933 signis

171 944 207 981 D
233 956 290 992 pr.
319 947 357 981 et
383 944 418 981 D
446 955 540 982 corr.
568 957 666 982 usus
701 944 841 991 sum2).
906 944 997 982 Non
1032 943 1155 983 semel
1189 948 1360 982 ceterum
1392 943 1489 982 adeo
1523 945 1564 982 in
1602 938 1783 982 minutiis

170 1006 351 1039 versatur
389 1006 579 1039 corrector
617 1002 685 1039 ille
725 1002 865 1047 (velut,
898 1006 943 1040 ut
968 1002 1043 1040 hoc
1075 1001 1248 1045 afferam,
1284 1013 1394 1040 eraso
1425 1014 1460 1036 00
1486 1003 1630 1040 scribet
1654 1002 1704 1047 Ϊ),
1738 1006 1786 1039 ut

171 1059 269 1096 talia
296 1058 434 1096 afferre
460 1071 587 1106 neque
613 1061 766 1107 possim
791 1072 919 1107 neque
945 1060 1075 1098 velim.

286 1116 334 1154 In
360 1117 479 1154 rebus
508 1116 835 1163 orthographicis,
864 1129 913 1154 ne
931 1119 1056 1154 nimia
1075 1130 1271 1164 nugarum
1289 1111 1403 1163 copia
1420 1120 1635 1164 apparatus
1655 1117 1784 1155 abun-

171 1173 294 1215 daret,
321 1185 439 1219 quam
466 1173 810 1210 moderantissime
837 1174 1035 1219 agendum
1063 1186 1149 1211 esse
1175 1173 1364 1218 censuiss).
1417 1173 1519 1210 Nam
1545 1185 1634 1210 cum
1660 1175 1702 1210 in
1721 1173 1784 1210 his

171 1230 290 1267 rebus
318 1241 431 1266 suam
459 1232 626 1276 quisque
652 1230 839 1268 librarius
868 1235 1058 1277 sequatur
1084 1228 1425 1272 consuetudinem,
1451 1250 1496 1254 -
1522 1229 1564 1266 id
1591 1229 1696 1276 quod
1722 1229 1786 1267 vel

170 1286 343 1324 maxime
371 1299 416 1324 eo
444 1287 680 1331 illustratur,
709 1287 816 1334 quod
843 1287 981 1324 eodem
1007 1287 1127 1325 modo
1154 1289 1196 1325 in
1222 1285 1394 1332 singulis
1421 1285 1623 1324 codicibus
1650 1288 1786 1334 scripti

174 1348 269 1380 sunt
309 1344 489 1381 Caesaris
529 1345 801 1381 commentarii
841 1355 918 1391 quo
959 1344 1240 1392 supplementa
1276 1363 1321 1367 —
1360 1354 1487 1390 neque
1530 1342 1577 1379 de
1616 1345 1785 1380 auctoris

171 1400 373 1438 scribendi
397 1403 562 1444 ratione,
589 1413 716 1449 neque
742 1401 789 1438 de
810 1400 989 1440 codicum
1009 1403 1162 1448 origine
1180 1405 1298 1448 atque
1317 1401 1550 1437 auctoritate
1568 1399 1785 1447 quidquam

172 1470 221 1495 ex
247 1459 296 1495 iis
323 1470 442 1505 posse
469 1460 655 1504 cognosci
682 1453 853 1506 apparet.

288 1516 539 1553 Nostratium
566 1515 862 1554 emendationes
892 1517 1009 1553 omisi
1036 1515 1085 1552 ad
1112 1527 1233 1553 unam
1261 1525 1408 1552 omnes.

288 1572 395 1608 Num
421 1577 523 1609 recte
549 1572 702 1610 codices
731 1572 994 1610 ordinaverim
1022 1572 1272 1618 familiasque
1299 1570 1538 1613 dicreverim,
1569 1571 1672 1608 infra
1704 1574 1777 1609 erit

173 1628 481 1675 disceptandum
492 1629 535 1674 ⁴).

290 1744 313 1779 ¹)
334 1742 474 1774 Punctis
494 1741 701 1779 interpositis
721 1742 959 1773 discernuntur
980 1741 1134 1773 familiae.

291 1790 313 1825 ²)
336 1790 370 1820 ln
390 1789 509 1821 ceteris
530 1789 707 1825 codicibus.
736 1789 765 1821 si
791 1789 834 1820 ad
855 1789 950 1827 signa
971 1799 1017 1827 pr.
1040 1791 1074 1820 et
1094 1799 1176 1820 corr.
1204 1787 1288 1819 nihil
1315 1787 1459 1824 additur,
1487 1787 1625 1820 eandem
1651 1798 1787 1820 manum

172 1837 360 1870 correxisse
381 1837 580 1869 sumendum
601 1840 660 1869 est.
691 1836 731 1868 In
753 1836 865 1868 codice
876 1836 1034 1868 Leidensi
1055 1836 1139 1868 duas
1160 1845 1278 1867 manus
1289 1844 1397 1873 neque
1408 1834 1668 1867 Reitzensteinio
1678 1845 1788 1873 neque

173 1885 257 1916 mihi
278 1885 418 1923 contigit
438 1887 475 1916 ut
496 1885 768 1916 discerneremus.

252 1934 275 1968 ⁸)
297 1932 569 1968 Consonantium,
582 1941 666 1969 quae
677 1931 808 1968 dicitur,
820 1931 1093 1963 assimilationem
1106 1931 1186 1962 satis
1202 1934 1253 1961 est
1264 1930 1420 1961 adnotare
1432 1929 1629 1967 plerumque
1639 1929 1788 1960 adhiberi

173 1979 210 2011 in
223 1979 251 2011 L
263 1979 337 2011 MN
350 1979 379 2011 D
391 1980 415 2017 ὃ,
436 1989 503 2011 11011
522 1978 670 2010 adhiberi
690 1978 726 2010 in
746 1979 814 2010 ΑΡ
835 1981 868 2010 et
889 1979 968 2010 f01t.
1006 1978 1034 2009 U
1046 1978 1081 2009 F.
1110 1977 1206 2017 Quod
1225 1976 1344 2009 attinet
1364 1980 1459 2009 notas
1479 1976 1555 2008 illas
1575 1985 1681 2014 voces,
1702 1985 1786 2015 quae

173 2037 234 2065 per
251 2026 447 2065 compendia
464 2026 563 2058 scribi
576 2026 683 2058 solent
695 2026 798 2063 (velut
811 2026 889 2062 mil„
898 2036 989 2063 pass.
1004 2025 1059 2057 vel
1064 2035 1146 2064 pas„
1157 2035 1202 2062 eq.
1214 2035 1268 2061 ro„
1276 2034 1358 2062 12⁹2»
1369 2034 1395 2054 r.
1402 2035 1446 2062 p„
1458 2024 1522 2062 leq„
1534 2023 1603 2061 kal„
1611 2034 1698 2062 non„
1709 2024 1786 2061 ian„

173 2074 304 2112 quintil.
317 2074 399 2111 etc),
421 2074 456 2104 in
476 2076 636 2111 apparatu
656 2083 711 2105 eas
732 2073 829 2104 modo
843 2073 1002 2104 lectiones
1023 2072 1186 2109 denotavi,
1215 2081 1300 2110 quae
1321 2081 1340 2102 a
1361 2071 1469 2103 solitis
1496 2071 1700 2110 compendiis
1720 2071 1787 2102 dis-

174 2121 307 2154 cedunt.
342 2121 433 2153 Haec
453 2121 544 2152 enim
563 2120 759 2160 compendia
778 2120 833 2153 vel
847 2120 883 2152 in
893 2119 1137 2158 antiquissimis
1153 2118 1325 2151 codicibus
1344 2118 1428 2151 falso
1449 2118 1620 2151 intellecta
1632 2118 1790 2157 leg-untur

175 2170 230 2205 (cf.
252 2172 309 2206 3,4
330 2169 424 2200 milia
445 2170 472 2199 A
485 2169 534 2206 P),
556 2169 601 2199 ita
621 2172 659 2199 ut
678 2169 714 2199 in
733 2167 917 2205 archetypo
939 2177 977 2199 ea
997 2167 1167 2198 exstitisse
1188 2166 1334 2204 colligas.

290 2217 312 2252 ⁴)
334 2216 492 2247 Confecto
522 2216 589 2246 iam
618 2216 680 2247 hoc
710 2215 870 2253 opusculo
900 2215 936 2245 in
966 2214 1076 2245 lucem
1107 2213 1230 2251 prodiit
1260 2213 1437 2245 Moelkenii
1469 2213 1718 2245 commentatio:
1746 2213 1788 2244 In

174 2263 449 2295 commentarium
470 2263 506 2293 de
528 2262 604 2294 bello
617 2262 773 2299 Africano
794 2261 998 2299 quaestiones
1017 2261 1145 2292 criticae
1166 2261 1387 2299 (chntorati
1406 2260 1684 2298 MDCC'GXC'II).
1720 2260 1788 2293 Sed

174 2321 251 2343 cum
272 2310 451 2348 contigerit
471 2313 508 2341 ut
530 2310 565 2341 in
585 2310 685 2340 rebus
705 2309 830 2340 criticis
853 2308 989 2346 quidem
1009 2318 1113 2346 pauca
1134 2308 1227 2340 nobis
1248 2313 1360 2340 essent
1377 2308 1573 2345 communia,
1594 2308 1630 2339 in
1650 2308 1785 2339 adnota-

175 2358 323 2390 tionibus
356 2357 430 2390 eius
461 2357 622 2389 rationem
653 2356 773 2388 habere
800 2355 880 2387 satis
911 2355 984 2386 fuit.
1036 2354 1126 2394 Quae
1156 2365 1234 2387 vero
1273 2356 1315 2388 de
1341 2355 1473 2394 ingenio
1512 2355 1658 2387 auctoris
1688 2357 1788 2393 atque

174 2405 403 2438 commentarii
425 2414 575 2437 sermone
615 2403 828 2442 expositurus
849 2413 946 2441 eram,
975 2403 1131 2441 quoniam
1151 2403 1304 2436 Moelken
1326 2403 1367 2435 de
1387 2403 1441 2435 his
1463 2404 1562 2436 rebus
1582 2403 1666 2435 bene
1689 2405 1790 2440 atque

174 2457 329 2485 accurate
349 2453 517 2490 disseruit,
539 2452 574 2483 in
596 2452 731 2484 brevius
752 2451 914 2483 contraxi.
