1919 3029
816 574 1065 732 VITA.

256 824 387 862 Natus
408 830 496 860 sum
519 820 733 860 Wernerus
756 819 902 859 Miiller
926 819 1094 865 Suerini,
1120 823 1161 859 in
1187 822 1283 861 urbe
1302 821 1651 871 Megalopolitana,
1676 821 1740 861 die

142 881 243 921 XIX
266 882 362 920 anni
381 880 418 918 h.
449 892 480 917 s.
501 878 620 917 LXX
643 882 753 927 patre
777 876 987 921 Friderico,
1012 883 1136 916 matre
1160 878 1368 918 Marianna
1393 891 1414 917 e
1436 884 1554 927 gente
1579 879 1736 919 Schulz.

142 931 279 983 Fidem
299 937 485 987 profiteor
509 935 788 983 evangelicam.
842 934 1059 974 Elementis
1082 936 1300 976 litterarum
1326 937 1503 976 imbutus
1529 949 1619 977 vere
1643 939 1739 976 anni

142 994 300 1048 LXXX
324 997 366 1032 in
391 995 519 1042 patria
544 995 585 1031 in
617 995 870 1041 gymnasium
899 993 1207 1032 Fridericianum
1243 999 1421 1043 receptus
1459 1007 1557 1033 sum.
1621 995 1737 1041 Quod

83 1053 86 1056 '
140 1049 353 1103 postquam
367 1053 552 1101 percurri,
564 1055 754 1090 autumno
773 1050 1131 1094 anniLXXXVIII
1144 1052 1318 1091 Berolini
1333 1052 1487 1091 civibus
1504 1052 1736 1091 academicis

142 1110 363 1158 adscriptus
413 1121 514 1147 sum.
576 1108 711 1146 Unum
764 1108 946 1156 deinceps
985 1113 1170 1147 semestre
1204 1109 1417 1154 Monachii,
1467 1109 1545 1148 duo
1594 1112 1736 1149 iterum

143 1167 328 1211 Berolini,
353 1168 429 1204 tria
476 1166 683 1204 Rostochii
710 1165 854 1204 studiis
879 1165 1132 1213 philologieis
1160 1179 1317 1215 operam
1336 1168 1490 1205 navavi.
1540 1167 1738 1206 Examina

141 1225 301 1274 publica
326 1236 462 1261 mense
487 1223 693 1261 Decembri
720 1224 814 1260 anni
838 1222 952 1260 XCII
975 1222 1182 1262 Rostochii
1208 1223 1374 1265 absolvi.

204 1296 207 1300 ·
256 1282 484 1320 Docuerunt
522 1292 585 1318 me
626 1282 700 1317 viri
737 1279 999 1317 illustrissimi
1036 1280 1160 1324 Diels,
1210 1281 1486 1328 Ebbinghaus,
1535 1281 1734 1327 Huebner,

143 1337 364 1381 Kirchhoff,
382 1333 568 1381 Paulsen,
591 1337 634 1373 Ε.
660 1335 852 1380 Schmidt,
865 1335 1035 1381 Vahlen,
1049 1334 1275 1382 Weinhold,
1295 1337 1422 1375 Zeller
1435 1337 1734 1383 Berolineuses;

143 1395 286 1438 Christ.
310 1393 488 1437 Golther,
515 1392 716 1430 Hofmann
733 1391 768 1438 †,
792 1391 999 1431 Woelfflin
1025 1393 1302 1437 Monacenses;
1328 1393 1551 1439 Bechstcin,
1575 1394 1733 1439 Koerte,

140 1452 419 1495 Reitzenstein,
466 1449 680 1494 Schwartz,
718 1449 766 1487 de
803 1448 913 1487 Stein
950 1449 1268 1489 Rostochienses.
1331 1444 1506 1489 Berolini
1554 1449 1623 1500 per
1663 1463 1734 1490 sex

141 1521 295 1548 menses
326 1508 486 1547 interfui
512 1506 858 1555 exercitationibus
885 1509 1085 1545 seminarii
1115 1509 1340 1555 germanici,
1373 1508 1478 1556 quod
1511 1507 1736 1547 moderatur

141 1566 185 1605 E.
212 1565 403 1610 Schmidt,
427 1567 686 1614 proximoque
711 1565 902 1607 semestri,
928 1575 1018 1602 cum
1042 1564 1152 1603 illius
1179 1577 1303 1604 essem
1328 1564 1477 1605 sodalis
1500 1564 1733 1609 ordinarius,

143 1625 192 1663 ad
205 1635 291 1662 eam
312 1635 468 1672 quoque
488 1626 652 1670 partem,
675 1632 753 1669 qua
773 1625 887 1659 vetus
905 1625 1041 1659 nostra
1058 1621 1196 1668 lingua
1212 1627 1413 1667 tractatur,
1429 1635 1491 1661 me
1506 1622 1733 1667 Weinhold,

142 1680 191 1720 ad
228 1681 526 1731 exercitationes
564 1677 826 1727 philologicas
851 1677 1008 1716 Vahlen
1046 1678 1217 1716 admisit.
1279 1679 1485 1718 Rostochii
1509 1681 1731 1718 seminariis

140 1736 396 1786 philologieo,
433 1739 496 1774 cui
534 1738 740 1784 praeerant
777 1734 977 1773 Schwartz
1021 1739 1060 1773 et
1097 1735 1378 1780 Reitzenstein,
1422 1741 1461 1774 et
1495 1739 1732 1783 germanico,

141 1794 247 1842 quod
270 1794 495 1832 moderatur
520 1792 743 1836 Bechstein,
768 1803 839 1839 per
863 1796 1001 1840 quater
1026 1804 1095 1829 sex
1114 1804 1270 1830 menses
1289 1795 1474 1831 interesse
1492 1792 1595 1830 mihi
1607 1793 1734 1836 licuit,

141 1851 489 1891 exercitationibus
515 1848 823 1896 archaeologicis
848 1861 918 1897 per
951 1851 1027 1888 tria
1053 1851 1258 1888 semestria
1294 1862 1356 1888 me
1380 1849 1526 1888 Koerte
1561 1849 1733 1888 admisit.

140 1908 296 1953 Quibus
320 1910 416 1947 viris
444 1907 628 1946 omnibus
653 1908 820 1952 gratiam
856 1907 983 1945 habeo
1018 1917 1136 1954 quam
1162 1908 1386 1951 maximam,
1423 1908 1614 1955 imprimis
1640 1919 1733 1946 vero

139 1963 309 2007 Ricardo
344 1965 624 2005 Reitzenstein,
665 1963 739 2006 cui,
775 1963 811 2000 si
848 1962 944 2010 quid
984 1963 1059 2000 hac
1097 1965 1426 2004 commentatione
1463 1963 1620 2011 profeci,
1663 1965 1735 2002 uni
1772 2007 1775 2010 Α

140 2021 273 2061 debeo.

1853 39 1867 56 γ’·
1850 0 1888 28 ¹¹1}
