1919 3029
917 125 965 161 48

140 240 331 285 corrigere
358 236 465 275 haud
488 239 543 275 ita
561 236 730 275 difficile
748 238 834 282 fuit,
861 236 965 276 idem
993 239 1275 283 commiserunt
1293 237 1445 279 librarii
1463 235 1504 273 V
1525 239 1563 274 et
1588 236 1619 280 ὃ,
1638 220 1746 284 quos
1788 238 1802 248 ’“

140 296 301 343 linguae
326 295 478 333 latinae
504 296 602 332 satis
627 296 776 343 peritos
803 295 927 333 fuisse
951 307 1068 334 nemo
1094 299 1229 344 potest
1253 302 1427 343 negare.
1846 285 1851 294 ’

256 352 369 390 Nihil
401 353 523 399 igitur
558 353 703 396 obstat,
736 354 950 400 quominus
984 364 1051 394 eas
1090 365 1247 401 quoque
1277 353 1478 394 lectiones,
1511 361 1613 398 quae
1636 332 1746 391 falso

142 413 183 451 in
220 410 266 454 P,
304 411 346 447 in
385 410 417 447 L
458 414 559 447 recte
596 409 764 447 traditae
801 410 1000 456 leguntur,
1038 422 1086 448 ex
1124 410 1276 449 librarii
1313 410 1472 456 ingenio
1507 411 1623 446 natas
1660 418 1748 448 esse

143 473 378 510 statuamus,
404 466 568 515 ideoque
595 467 857 505 removendus
884 472 945 506 est
970 467 1094 506 codex
1115 468 1149 507 L
1175 481 1223 507 ex
1249 471 1441 517 apparatu
1468 466 1605 505 critico
1620 477 1747 514 neque

143 526 227 565 ulla
253 527 338 564 eius
365 525 581 564 lectionum
608 527 649 563 in
676 529 787 564 textu
814 525 1092 565 constituendo
1119 528 1218 564 ratio
1245 525 1441 565 habenda.

259 583 315 621 Ut
340 583 373 619 L
401 582 451 620 ad
477 583 669 635 familiam
685 583 907 621 Parisinam
931 585 988 621 ita
1009 583 1058 621 ad
1074 583 1295 623 Romanam
1315 596 1357 621 se
1371 582 1545 631 applicat
1558 580 1682 620 codex
1695 580 1766 634 M„

144 642 184 680 id
211 640 317 689 quod
343 635 522 678 hocloco
549 642 686 688 paucis
713 640 906 688 exemplis
933 642 1032 678 satis
1059 645 1119 678 est
1152 641 1403 681 confirmare:
1437 640 1564 689 plura,
1599 640 1633 676 si
1660 638 1748 685 quis

145 698 334 747 postulat,
372 696 485 734 facile
524 697 617 743 eligi
654 703 824 744 possunt
861 710 909 735 ex
947 697 1109 742 tabulis,
1148 700 1189 735 in
1228 700 1373 746 quibus
1409 699 1447 736 A
1482 709 1570 735 cum
1606 694 1687 732 PV
1713 698 1752 732 et

146 756 187 792 M
202 755 237 791 U
256 755 287 791 F
314 756 624 801 composuimus.

263 814 321 854 19
346 813 368 847 3
394 812 562 848 tristicia
594 810 629 846 Π
636 810 686 854 F·
725 812 830 848 tristi
864 811 912 846 Μ
920 810 989 855 D‘·
1028 814 1268 850 tristimonia
1294 812 1329 846 R
1365 812 1481 854 (tristi
1517 810 1640 845 archet.
1666 808 1752 853 fam.

146 870 262 912 Rom.;
295 868 330 904 U
339 869 374 902 b
395 868 503 911 coni..)

262 929 320 968 30,
350 929 366 961 1
395 926 546 972 equites
579 924 614 959 [J
623 924 673 967 F;
700 927 928 972 equitesque
953 926 1004 961 M
1011 926 1066 969 D
1093 927 1292 974 equitibus
1319 927 1362 963 R.

263 986 321 1025 37,
350 985 365 1018 1
402 986 439 1019 et
478 980 527 1018 ad
564 983 716 1020 nimum
755 985 872 1020 etiam
912 985 1087 1022 animum
1126 984 1213 1022 adv.
1254 985 1290 1021 U
1297 984 1347 1028 F
1386 987 1425 1021 et
1463 984 1638 1020 animum
1664 979 1757 1018 adv.

149 1042 194 1075 M
204 1040 268 1084 D,
293 1043 333 1074 ut
357 1040 442 1082 vid.;
481 1041 597 1077 etiam
633 1041 690 1082 (et
721 1052 807 1077 eam
841 1042 877 1085 ὃ)
913 1043 1088 1078 animum
1121 1042 1208 1079 adv.
1245 1042 1295 1077 vel
1326 1040 1523 1079 animadv.
1551 1039 1586 1074 R
1618 1037 1759 1081 (scilicet

148 1099 240 1132 inter
264 1108 381 1131 versus
406 1097 570 1140 scriptum
597 1096 667 1140 fuit
693 1098 808 1134 etiam
838 1099 1013 1135 animum
1040 1098 1078 1133 in
1102 1099 1289 1143 exemplari
1314 1098 1466 1133 codicum
1498 1095 1533 1132 U
1543 1096 1600 1139 F).

264 1157 323 1195 48,
351 1157 367 1190 1
398 1155 525 1201 obripi
552 1154 615 1191 his
644 1155 709 1194 (iis
731 1154 779 1198 If)
808 1165 849 1192 se
876 1155 924 1189 M
944 1167 1028 1192 corr.
1056 1156 1099 1190 ab
1116 1157 1187 1190 ead.
1210 1169 1254 1191 m.
1277 1156 1311 1192 U
1320 1156 1370 1198 F;
1395 1155 1617 1201 obripuisse
1631 1151 1681 1185 M
1683 1161 1756 1195 ιη’-ἔ

149 1213 373 1258 abripuisse
400 1211 433 1245 A
449 1211 484 1245 P
503 1211 534 1247 V.

267 1272 324 1311 50,
351 1271 374 1304 5
400 1267 622 1315 complures
650 1268 698 1302 M
714 1281 767 1312 pr.
800 1269 836 1304 U
839 1283 847 1311 ;
874 1281 963 1307 cum
989 1269 1123 1317 plures
1150 1270 1193 1305 R.

266 1329 325 1367 58,
355 1329 395 1361 11
424 1324 598 1372 periculo
636 1337 798 1363 suorum
833 1338 912 1363 rem
939 1326 1064 1363 facere
1096 1327 1131 1362 U
1138 1328 1175 1360 F
1182 1341 1191 1370 ;
1226 1327 1400 1375 periculo
1428 1338 1500 1363 suo
1528 1337 1607 1362 rem
1634 1324 1758 1360 facere

152 1386 199 1421 M
210 1386 266 1429 D3
292 1384 512 1432 periculum
537 1397 700 1423 suorum
735 1385 858 1423 facere
886 1386 919 1420 R
945 1378 1126 1429 (suorfi'fn
1153 1387 1269 1422 arcbet
1292 1388 1374 1432 fam.
1403 1387 1530 1431 Rom).

266 1445 324 1485 66,
350 1445 372 1478 4
400 1454 534 1479 caesar
559 1453 622 1479 om..
653 1443 697 1476 M
709 1442 797 1477 ΝΖ)
817 1443 900 1478 UF.

268 1502 325 1543 75,
352 1502 374 1536 9
400 1503 437 1536 te
464 1500 735 1547 imperatorem
765 1500 813 1534 M
822 1500 864 1534 N
872 1501 910 1534 D
929 1500 964 1536 U
971 1501 1019 1544 F;
1046 1503 1137 1549 imp.
1166 1506 1204 1539 te
1231 1501 1274 1536 R.

268 1560 326 1601 89,
355 1560 399 1594 10
425 1558 495 1594 tite
521 1556 685 1594 isaliene
706 1557 797 1599 UF;
824 1559 909 1595 titei
935 1558 1085 1596 saliene
1099 1559 1149 1593 M
1152 1570 1209 1603 pr.
1228 1560 1345 1603 (tutei
1362 1559 1486 1603 corr.);
1513 1559 1582 1595 tite
1608 1556 1756 1593 saliene

152 1616 187 1650 A
209 1615 252 1658 V;
279 1616 371 1652 tites
399 1614 526 1652 aliene
554 1615 593 1651 P.

272 1675 351 1715 114,
377 1676 399 1708 9
426 1672 664 1709 discesseras
691 1672 739 1706 M
754 1683 809 1715 pr.
845 1672 880 1707 U
885 1673 934 1714 F;
961 1672 1202 1711 discessui-as
1228 1673 1271 1708 R.

270 1729 414 1774 Qualis
440 1730 542 1766 inter
569 1728 609 1765 M
637 1733 675 1766 et
701 1728 737 1765 U
753 1729 784 1766 F
811 1729 1026 1768 intercedat
1051 1732 1249 1777 cognatio,
1274 1731 1495 1768 accuratius
1521 1728 1760 1777 perspicitur

155 1801 203 1826 ex
228 1787 327 1825 locis
357 1790 412 1830 19,
428 1790 468 1829 3;
495 1790 553 1828 37,
577 1789 616 1829 1;
643 1789 701 1829 58,
726 1791 765 1823 11
795 1787 912 1824 modo
940 1787 1084 1830 allatis,
1111 1789 1255 1835 quibus
1283 1788 1560 1834 comprobatur
1586 1783 1759 1822 codicem

155 1846 198 1882 M
224 1855 410 1882 manasse
436 1855 517 1880 non
544 1855 591 1880 ex
618 1845 705 1889 ipso
733 1843 910 1881 codicum
938 1843 975 1881 U
992 1845 1023 1882 F
1055 1844 1326 1893 exemplari¹),
1361 1843 1430 1882 sed
1463 1855 1512 1882 ex
1548 1841 1760 1888 archetypo

155 1905 239 1940 eius
252 1902 295 1947 ²),
334 1903 390 1939 ita
426 1905 471 1938 ut
507 1900 670 1939 eandem
697 1903 972 1940 auctoritatem
1005 1903 1151 1942 habeat
1184 1904 1238 1947 M,
1273 1914 1391 1950 quam
1425 1901 1509 1939 UF
1549 1900 1759 1938 coniuncti.

157 1960 277 1997 Porro
295 1958 535 2006 descriptum
551 1970 637 1995 esse
656 1970 704 1996 ex
727 1958 941 2007 archetypo
962 1959 1033 1998 illo
1055 1960 1228 1998 familiae
1239 1960 1445 1998 Romanae
1466 1971 1547 1997 non
1561 1960 1693 2006 ipsum
1706 1954 1761 1999 Μ,

157 2017 226 2055 sed
265 2019 349 2054 eius
390 2015 629 2064 exempla1·³)
670 2016 784 2055 docet
815 2029 851 2064 p.
889 2020 945 2061 31,
982 2020 1015 2060 8,
1048 2018 1118 2056 ubi
1152 2018 1259 2053 MD·
1301 2019 1491 2060 omittunt
1531 2015 1764 2061 equitibusque

157 2074 379 2109 circumdatis
413 2078 452 2110 et
485 2085 555 2120 pro
590 2074 788 2108 cohortatur
820 2076 910 2118 (-tus
935 2074 1085 2112 habent
1110 2076 1146 2112 A
1161 2075 1193 2112 P
1207 2076 1241 2112 L
1257 2075 1293 2112 U
1308 2075 1358 2121 F)
1390 2075 1538 2117 imperat
1561 2072 1761 2110 exhibent.

158 2131 267 2176 Quae
305 2130 528 2178 corruptela
565 2142 646 2168 non
685 2130 851 2169 dubium
891 2133 986 2179 quin
1027 2133 1084 2169 ita
1117 2133 1171 2169 sit
1205 2130 1453 2180 explicanda,
1487 2135 1533 2169 ut
1569 2128 1763 2168 excidisse

158 2193 381 2227 statuamus
408 2190 450 2225 in
472 2189 686 2235 archetypo
703 2188 849 2226 codicis
864 2189 906 2225 M
928 2190 1049 2234 verba
1069 2189 1323 2234 equitibusque·
1336 2203 1343 2211 ·
1357 2203 1364 2211 ·
1377 2188 1575 2224 cohortatur
1596 2185 1764 2227 (scilicet

157 2250 317 2294 propter
343 2244 647 2283 similitudinem
673 2246 882 2283 verborum
917 2246 1107 2281 cohortibus
1132 2250 1170 2283 et
1194 2246 1419 2291 cohortatus),
1453 2244 1595 2282 deinde
1618 2244 1765 2288 imperat

158 2316 206 2342 ex
233 2305 456 2342 coniectura
482 2302 711 2352 suppletum
739 2316 835 2341 esse.
888 2302 996 2342 Tunc
1022 2308 1154 2342 autem
1181 2304 1420 2352 archetypus
1447 2302 1592 2342 codicis
1616 2302 1658 2340 M
1683 2313 1764 2340 non

158 2367 219 2399 est
252 2362 491 2409 archetypus
524 2361 710 2404 familiae,
755 2361 823 2398 sed
867 2374 914 2399 ex
956 2374 999 2400 eo
1046 2361 1278 2409 descriptus,
1318 2374 1409 2399 nam
1450 2363 1489 2398 in
1522 2360 1607 2398 UF
1647 2360 1766 2397 verba

157 2419 393 2464 equitibusque
409 2433 416 2440 ·
430 2433 437 2440 ·
452 2433 458 2440 ·
477 2419 675 2454 cohortatur
699 2417 898 2464 leguntur.

274 2556 296 2592 ¹)
318 2555 346 2595 ,οἳ
367 2555 401 2585 in
423 2556 596 2585 stemmate
616 2565 646 2592 p.
669 2558 714 2585 94.

276 2602 298 2635 ²)
318 2602 402 2635 lbid.
425 2614 448 2643 ρ.

276 2652 298 2688 ³)
317 2650 400 2682 Ibid.
422 2651 459 2691 ρ’.
