1919 3029
881 121 898 163 '.
943 102 1019 153 '261'

421 217 453 253 A
465 216 579 263 (rec.)
593 216 627 253 P
640 215 674 253 V
1214 256 1219 260 ,
1321 216 1406 268 1315
1417 218 1450 256 1³·

164 284 306 326 110,15
333 282 497 321 insertos
511 283 589 326 Αδ;
606 281 885 329 infectosP(=
895 284 935 330 π)
996 284 1162 324 infestos
1196 278 1230 320 V
1414 276 1433 290 ’”

164 342 280 382 114,·‘1
309 339 459 378 dabant
964 335 969 398 Ι
997 341 1118 380 dabat
1142 343 1160 376 δ

165 398 245 440 123,
259 399 281 434 3
306 395 454 434 milites
475 410 483 418 ·
505 410 512 418 ·
534 411 542 418 ·
562 396 753 435 deductos
997 398 1123 437 milite
1136 399 1144 421 ³
1158 413 1165 421 ·
1178 413 1187 421 ·
1201 398 1369 437 deducto

261 452 419 498 (ductos
446 465 508 490 om.
543 453 593 505 V)

135 516 141 519 ’
167 513 247 554 125,
261 513 283 548 3
309 510 489 548 clamitat
998 513 1225 550 clamitante
1241 513 1288 548 Μ
1299 513 1348 556 F;
1371 513 1549 552 clamitat
1563 518 1653 553 ante
1677 514 1711 551 U
1718 514 1770 561 ¹);
1812 515 1816 519 '
1874 556 1877 557 ⁷

1094 568 1340 607 cilamitante
1362 572 1380 604 δ
1407 570 1526 615 (-tem
1551 583 1575 606 a
1592 569 1668 618 μή)

168 627 248 668 125,
262 627 284 661 3
311 627 601 661 sustentantem
621 625 656 659 A
669 627 687 659 δ
698 636 755 668 pr.
778 626 812 660 P
826 627 880 670 (--
897 628 937 671 π)
999 628 1247 663 sustentante
1279 626 1336 660 V&
1361 628 1464 664 corr.'
1492 625 1495 628 ’

168 684 249 725 128,
263 684 285 719 9
310 686 450 729 parent
474 681 509 717 A
524 681 559 716 P
581 682 636 726 (=
659 683 699 727 π)
997 686 1182 731 pararent
1207 697 1224 730 ρ
1244 682 1289 727 V;
1314 689 1497 732 parerent
1521 685 1539 719 δ

169 743 248 782 130,
265 741 309 775 12
335 741 493 793 estatim
520 740 554 772 Α
568 739 617 782 Ρ;
644 741 777 776 statim
813 740 838 773 V
998 752 1043 776 ac
1069 741 1204 777 statim
1229 742 1247 774 δ

168 798 248 839 134,
262 798 285 832 9
311 794 523 832 auxiliaret
557 795 591 830 A
606 795 652 839 P;
683 795 941 833 auxiliaretur
999 795 1139 834 auxilii
1152 800 1255 834 raret
1276 796 1309 833 U
1319 797 1355 831 F
1360 810 1369 841 ;
1396 796 1536 835 auxilii
1553 801 1643 836 rant
1661 798 1708 833 M
1713 809 1769 843 pr.

270 853 325 887 Va
1097 854 1259 901 (parant
1284 856 1387 899 corr.)

289 936 375 972 Vera
401 936 496 971 lectio
521 947 614 971 mmo
638 948 722 971 sane
746 936 900 971 dubitari
924 948 994 971 non
1014 939 1124 981 potest
1148 938 1235 983 quin
1258 938 1311 972 sic
1330 938 1470 976 auxilii
1496 924 1663 987 pararet‘.
1715 937 1768 983 Of.

166 1008 275 1040 supra
296 1007 329 1039 p.
356 997 412 1030 62.

170 1084 250 1123 136,
276 1082 298 1117 2
333 1078 681 1126 damasippi'qui;
715 1077 940 1127 damasippi
999 1079 1304 1127 damasippique

390 1138 407 1171 δ

170 1149 506 1240 137,qll3a{1uoque
1000 1193 1186 1240 quodque
1212 1196 1230 1227 ὃ

285 1289 394 1333 Quos
409 1289 519 1327 locos
534 1289 568 1325 si
587 1290 675 1335 quis
692 1288 817 1325 oculis
832 1288 1139 1335 perlustraverit,
1154 1290 1194 1326 in
1208 1289 1346 1327 multis
1359 1289 1517 1336 quidem
1531 1289 1740 1327 lectionem
1755 1302 1772 1334 ρ

169 1359 250 1383 non
278 1358 349 1393 pro
375 1344 520 1382 tradita
546 1344 614 1380 sed
640 1356 711 1391 pro
737 1345 838 1381 bene
863 1346 1027 1382 inventa
1052 1344 1276 1382 habendam
1310 1357 1395 1382 esse
1420 1345 1534 1383 facile
1559 1345 1770 1391 intelleget.

170 1405 231 1442 De
258 1403 445 1441 omnibus
471 1405 604 1439 tamen
630 1401 705 1439 hoc
732 1405 903 1439 statuere
929 1414 1063 1440 vereor
1089 1406 1133 1440 ut
1159 1401 1265 1440 velit.

285 1470 461 1506 Primum
490 1470 594 1505 enim
621 1468 828 1506 nonnullis
862 1468 960 1507 locis
994 1469 1087 1516 plus
1114 1469 1230 1506 lectio
1257 1483 1274 1516 ρ
1300 1469 1422 1506 distat
1456 1469 1509 1506 ab-
1532 1469 1618 1513 Απ,
1652 1481 1771 1516 quam

172 1532 216 1564 ut
242 1539 264 1563 a
292 1526 453 1564 librario
480 1527 683 1562 inventam
711 1537 795 1562 esse
821 1525 1007 1562 credibile
1033 1527 1099 1562 sit:
1137 1529 1195 1568 30,
1222 1529 1244 1563 9
1269 1529 1306 1560 at
1332 1526 1499 1573 cohorte&
1533 1528 1591 1568 60,
1616 1529 1640 1562 4
1665 1537 1773 1560 armo-

169 1594 319 1627 naequeJ
347 1586 404 1626 61,
433 1586 450 1618 1
473 1594 539 1625 pro
561 1581 735 1626 perfuyis;
763 1585 820 1624 75,
847 1585 868 1618 6
893 1582 960 1616 sibi
985 1585 1099 1616 actum
1123 1583 1188 1624 ἐνῇ·
1212 1586 1271 1626 94,
1289 1586 1311 1619 9
1332 1583 1493 1626 praediti.
1538 1582 1652 1619 Tales
1679 1594 1774 1619 sane

171 1633 468 1678 emendationes
507 1640 625 1674 etiam
663 1650 769 1675 nunc
801 1640 875 1675 viri
910 1638 1013 1675 docti
1050 1639 1268 1684 gauderent
1312 1651 1335 1675 a
1373 1651 1415 1675 se
1452 1641 1634 1676 inventas
1674 1651 1772 1676 esse.

171 1696 302 1735 Semel
328 1695 392 1733 vel
418 1707 497 1732 vox
522 1696 564 1732 in
590 1697 726 1732 ceteris
754 1697 901 1733 omissa
926 1699 1028 1732 recte
1054 1700 1231 1733 servatur
1257 1708 1326 1743 per
1350 1709 1380 1742 ρ,
1405 1698 1462 1739 56,
1491 1699 1535 1733 13
1559 1696 1626 1738 usi,
1653 1707 1771 1743 quam

170 1756 333 1793 librario
363 1764 475 1799 aegre
499 1752 665 1795 tribuas,
691 1764 931 1800 quamquam
958 1752 1026 1790 ille
1053 1755 1111 1796 22,
1137 1756 1159 1790 9
1184 1752 1338 1790 addidit
1362 1753 1493 1788 exierat
1503 1752 1544 1795 2).
1629 1748 1634 1751 ”

288 1820 392 1858 Aliis
418 1831 534 1867 porro
552 1819 650 1856 locis
670 1823 714 1856 ut
731 1819 918 1857 facillime
937 1821 1028 1857 oriri
1046 1822 1176 1867 potuit
1194 1819 1392 1863 mendum,
1418 1822 1478 1857 ita¹
1493 1808 1784 1857 difficillimum

171 1880 246 1917 fuit
272 1881 468 1916 correctu:
496 1880 554 1915 31.
574 1879 593 1913 7
621 1876 796 1919 tardiora;
823 1880 881 1920 36,
899 1879 921 1913 6
947 1877 1054 1911 cuius.
1106 1878 1171 1914 An
1197 1876 1300 1914 idem
1327 1877 1445 1915 homo
1472 1879 1530 1920 49,
1556 1879 1578 1913 3
1603 1877 1777 1923 pessime
1847 1888 1851 1891 ’

171 1937 338 1974 coniecit
373 1934 500 1968 audere
536 1937 575 1970 et
606 1936 664 1973 36,
691 1936 713 1969 6
743 1933 887 1970 collato
922 1935 1049 1980 capite
1083 1933 1330 1970 antecedenti
1371 1935 1431 1976 (in
1464 1944 1541 1979 quo
1574 1931 1773 1979 Scipionis

172 1994 308 2040 copiae
334 1993 412 2028 iam
440 1994 552 2026 erant
577 1992 843 2034 enumeratae)
873 1992 1020 2036 optime
1046 1992 1218 2027 restituit
1243 1989 1369 2023 cuius?
1409 1988 1518 2026 Tunc
1544 2001 1639 2026 sane
1656 1989 1773 2026 malis

173 2050 251 2086 fere
277 2047 430 2084 credere
456 2045 624 2083 eundem
651 2050 689 2082 et
713 2047 754 2082 in
783 2047 819 2082 A
845 2050 884 2082 et
908 2048 949 2083 in
975 2060 998 2080 π
1024 2048 1279 2083 commissum
1305 2057 1390 2082 esse
1417 2057 1593 2083 errorem.

287 2114 468 2159 Denique
495 2111 602 2158 quod
628 2115 707 2153 134,
725 2115 747 2148 9
772 2111 918 2156 legitur
943 2114 984 2149 in
1002 2111 1087 2149 UF
1114 2113 1170 2156 (et
1194 2112 1350 2150 videtur
1374 2112 1497 2149 fuisse
1523 2114 1564 2149 in
1585 2114 1620 2158 ρ)
1648 2112 1774 2147 auxilii

173 2173 280 2214 roret,
308 2171 469 2208 omnino
498 2180 547 2205 ex
574 2169 798 2205 coniectura
824 2171 952 2205 ortum
988 2180 1072 2205 esse
1107 2170 1253 2216 nequit,
1291 2170 1394 2216 quia,
1429 2170 1503 2207 etsi
1533 2170 1697 2217 propius
1724 2167 1774 2205 ad

172 2241 311 2266 verum
338 2225 487 2263 accedit
514 2226 623 2268 (nam
650 2237 730 2262 non
765 2227 843 2262 iam
880 2225 1111 2263 coaluerunt
1146 2227 1290 2270 voces),
1322 2230 1454 2264 tamen
1487 2228 1619 2273 ipsum
1653 2237 1771 2264 sensu

173 2290 287 2323 caret.
332 2284 390 2320 De
415 2283 480 2320 his
508 2283 628 2328 igitur
663 2281 901 2319 lectionibus
928 2281 1021 2329 quid
1048 2282 1300 2320 statuendum
1320 2285 1384 2326 sit,
1410 2282 1688 2320 difficillimum
1715 2287 1776 2319 est

173 2341 293 2384 dictu,
333 2352 460 2387 neque
495 2341 530 2375 si
565 2340 653 2386 quis
693 2351 741 2375 ex
774 2340 905 2376 nescio
945 2350 1021 2385 quo
1049 2339 1181 2377 codice
1207 2351 1272 2376 eas
1310 2342 1479 2385 margini
1504 2353 1521 2385 ρ
1556 2339 1774 2393 adscriptas

288 2512 311 2545 ¹)
332 2512 474 2549 Apparet
493 2511 531 2541 in
553 2522 566 2550 ρ
589 2512 632 2546 (et
650 2510 788 2546 fortasse
808 2510 905 2540 etiam
925 2508 963 2539 in
984 2509 1012 2549 ρ’
1030 2509 1153 2546 fuisse:
1181 2485 1380 2541 elamitafllzmeot
1399 2509 1507 2541 etiam.

288 2567 310 2606 ⁹)
332 2567 426 2608 Quod
446 2567 481 2598 in
503 2567 572 2599 solo
592 2567 626 2599 M
647 2566 691 2604 (N
704 2566 731 2598 D
744 2566 771 2603 δ)
795 2568 857 2600 119,
873 2568 890 2597 3
910 2565 1031 2604 legitur
1050 2565 1089 2597 ab
1112 2565 1277 2604 Scipionis
1296 2575 1377 2604 vero,
1399 2565 1480 2598 satis
1500 2565 1686 2604 explicatur
1702 2564 1775 2597 1000

173 2617 273 2649 simili
298 2619 361 2654 116,
385 2619 408 2647 l.
