1919 3029
143 617 183 643 44
212 625 215 627 -
373 596 423 644 ue
434 584 573 650 magis
596 574 664 644 63,
676 589 703 638 1
727 599 780 635 'in
791 599 869 647 Quo,
894 593 1002 650 quod
1025 599 1172 647 legitur
1203 602 1246 637 in
1270 599 1316 644 P,
1342 604 1402 638 est
1426 612 1495 638 cur
1520 601 1772 648 accipiamus,

174 640 484 713 &iffi-chamin
505 658 717 702 comportata
739 656 888 701 fuerant
912 659 1043 696 inesse
1075 662 1208 706 potest
1242 659 1352 696 notio
1385 658 1585 695 motionis.
1637 657 1772 695 Lectio

225 711 333 758 “qio'od
367 715 488 760 igitur
525 713 748 752 defenditur
784 718 825 752 et
861 713 1041 753 codicum
1077 716 1308 753 auctoritate
1345 719 1384 752 et
1422 726 1480 758 eo,
1518 714 1624 762 quod
1650 713 1772 762 paulo
1810 760 1816 765 ·

76 813 78 815 ‚
120 821 123 824 ἱ
147 782 151 787 “
173 758 373 833 difficilior
395 774 467 809 est.

229 870 232 873 ,
279 837 349 882 Ex
375 848 480 878 mero
505 837 659 876 librarii
684 850 809 876 errore
834 838 990 876 videtur
1015 842 1153 876 natum
1178 851 1265 877 esse
1285 811 1364 882 109,
1383 842 1405 877 3
1429 838 1611 882 inferriP.
1657 837 1772 883 Quod

75 887 84 896 ²
173 895 278 932 enim
292 892 496 933 Woelfflin
516 894 611 933 dicit
629 895 755 940 inferri
766 895 1010 934 referendum
1030 908 1119 934 esse
1142 896 1190 934 ad
1211 895 1431 943 signiferos
1454 895 1529 934 hoc
1542 907 1630 933 cum
1646 894 1770 933 artifi-

0 960 5 965 “
172 946 320 990 ciosius
354 953 451 996 est,
460 957 544 991 tum
577 952 769 992 refellitur
800 952 899 992 locis
934 953 1133 993 similibus
1161 956 1243 999 125,
1266 957 1289 999 5
1320 954 1364 989 ab
1387 954 1557 989 universis
1579 952 1773 988 cohortibus

127 1005 132 1011 “
171 1009 272 1055 siymz
297 1009 335 1043 in
358 1009 484 1044 hostem
503 1022 635 1054 coepere
658 1011 782 1054 inferri
806 1016 845 1048 et
869 1014 926 1054 29,
954 1014 974 1050 7
1007 1014 1048 1046 ut
1071 1022 1146 1046 mm
1171 1011 1271 1054 (scil.
1295 1011 1422 1054 cohors)
1443 1013 1530 1055 post,
1557 1010 1668 1044 altera
1692 1012 1773 1043 ante

171 1066 273 1110 siyna
304 1066 461 1106 tenderet,
497 1067 645 1114 quibus
669 1067 770 1112 siyna
795 1068 923 1112 inferre
947 1067 1011 1105 vel
1035 1068 1137 1112 siyna
1161 1068 1296 1103 tendere
1332 1068 1380 1106 de
1413 1069 1512 1115 ipsis
1538 1062 1769 1104 cohortibus

173 1121 323 1161 dicitur.
387 1122 567 1160 Ceterum
605 1125 817 1167 comportari,
852 1124 958 1171 quod
996 1136 1043 1162 ex
1074 1124 1110 1161 R
1136 1125 1272 1172 (praet.
1307 1125 1362 1169 A)
1401 1123 1514 1161 affert
1544 1121 1771 1165 Woelfflin,

173 1177 318 1232 legitur
342 1181 384 1230 iu
411 1192 489 1218 uno
517 1180 560 1217 L.

245 1264 247 1267 ⁴
286 1245 426 1283 Restat
461 1247 574 1285 locus
612 1259 707 1284 sane
741 1246 926 1289 difficilis,
976 1260 1053 1295 quo
1102 1260 1237 1285 omnes
1288 1247 1380 1285 inde
1430 1248 1479 1284 ab
1530 1239 1768 1294 Nipperdeio

173 1293 340 1340 editores
366 1302 511 1341 codicis
538 1303 570 1340 P
603 1305 834 1342 auctoritate
867 1304 916 1342 ad
952 1306 1214 1344 coniecturam
1249 1309 1343 1343 sunt
1376 1303 1546 1342 adducti.
1608 1303 1771 1351 Legitur

174 1360 277 1397 enim
323 1364 408 1403 110,·
431 1364 453 1397 6
502 1362 541 1395 in
589 1361 682 1395 horis
721 1361 812 1396 IIII
855 1362 938 1404 (vel
974 1364 1154 1408 quattuor)
1193 1365 1233 1400 ιιι
1272 1362 1434 1408 A8Vp,
1471 1364 1526 1400 ιιι
1547 1374 1627 1399 uno
1662 1361 1695 1398 P
1733 1362 1771 1395 in

173 1415 291 1451 horam
328 1416 421 1453 IIII.
485 1417 528 1451 In
565 1417 684 1452 horam
709 1419 947 1465 scripserunt
982 1418 1161 1462 editores,
1193 1420 1286 1466 quia
1316 1418 1527 1456 ridiculum
1561 1417 1771 1456 videbatur

178 1471 383 1511 Caesarem
418 1485 498 1511 non
530 1478 636 1513 totos
664 1473 694 1511 C
718 1486 863 1522 passus
889 1477 931 1513 in
957 1479 1143 1523 quattuor
1167 1476 1276 1513 horis
1302 1487 1388 1513 esse
1413 1487 1672 1523 progressum.

289 1548 388 1586 Rem
415 1560 658 1597 exponamus
693 1555 855 1599 oportet.
915 1551 1055 1589 Castra
1080 1551 1259 1589 Caesaris
1293 1554 1332 1588 et
1366 1549 1563 1599 Scipionis
1598 1552 1698 1588 inter
1729 1562 1771 1587 se

176 1605 327 1644 distant
352 1606 462 1644 milia
487 1619 679 1654 passuum
704 1607 778 1651 V1;
816 1607 1006 1656 oppidum
1032 1608 1125 1646 Zeta
1157 1609 1270 1646 abest
1300 1608 1350 1660 ab
1383 1608 1447 1645 his
1481 1607 1561 1645 mil.
1589 1619 1693 1654 pass.
1720 1607 1771 1650 X,

176 1662 225 1699 ab
259 1661 341 1699 illis
375 1662 455 1700 mil.
490 1674 594 1711 pass.
631 1662 774 1701 XVIII.
840 1663 906 1702 Sic
943 1664 1078 1702 traditi
1112 1669 1208 1702 sunt
1237 1664 1391 1703 numeri
1425 1665 1525 1708 (107,
1553 1667 1586 1706 7,
1614 1667 1670 1706 10,
1698 1666 1772 1706 12),

179 1720 248 1766 qui
274 1731 369 1756 sane
395 1724 539 1757 certare
565 1719 750 1758 videntur
783 1733 872 1759 eum
896 1723 1114 1769 praeceptis
1140 1721 1516 1760 mathematicorum.
1569 1719 1647 1758 Sed
1673 1731 1772 1767 quo-

175 1777 282 1813 niam
311 1775 444 1820 XIIII,
470 1776 574 1825 quod
601 1776 829 1825 pro—XVIII
846 1777 991 1825 legitur
1016 1780 1058 1815 in
1076 1778 1122 1822 L,
1148 1789 1229 1816 non
1254 1776 1443 1816 traditum
1469 1781 1541 1821 est,
1567 1788 1706 1825 neque,
1731 1778 1772 1814 in

176 1843 254 1880 quo
274 1845 443 1886 *numero
469 1833 592 1872 lateat
617 1834 849 1883 corruptela,
887 1847 1025 1883 neque,
1060 1835 1156 1883 quid
1181 1834 1430 1874 scribendum
1457 1836 1520 1877 sit,
1557 1845 1772 1882 possumus

176 1891 284 1927 scire.
337 1890 426 1928 Nisi
451 1891 550 1929 forte
584 1893 702 1929 etiam
737 1891 812 1930 hoc
845 1896 950 1930 stare
982 1896 1116 1941 potest
1144 1903 1214 1940 per
1238 1890 1374 1929 XVIII
1407 1889 1487 1928 mil.
1514 1887 1618 1938 pass.
1645 1892 1771 1937 signi-

176 1945 284 1985 ficari
314 1959 394 1985 non
428 1950 570 1996 ipsum,
603 1948 709 1996 quod
741 1948 1017 1998 intercedebat,
1052 1951 1225 1997 spatium
1251 1948 1320 1987 sed
1352 1950 1436 1993 iter,
1469 1947 1575 1996 quod
1605 1959 1646 1985 re
1680 1959 1773 1985 vera

176 2003 397 2043 faciendum
423 2010 506 2043 erat
532 2005 698 2043 Caesari.
749 2005 851 2044 Nam
877 2008 912 2044 si
936 2008 978 2044 in
1003 2010 1107 2049 recta
1139 2005 1217 2044 fere
1250 2005 1357 2043 linea
1392 2006 1469 2042 sita
1501 2008 1612 2041 erant
1644 2009 1772 2042 castra

177 2060 367 2106 Caesaris,
400 2066 528 2099 castra
562 2062 773 2110 Scipionis,
813 2062 1003 2111 oppidum·
1023 2062 1142 2106 Zeta,
1181 2065 1342 2110 apparet
1379 2073 1469 2099 eum
1504 2062 1576 2098 iter
1616 2060 1771 2098 flectere

176 2116 373 2171 debuisse,
398 2130 447 2156 ne
471 2123 623 2167 praeter
646 2120 756 2167 ipsas
783 2123 999 2159 castrorum
1023 2123 1157 2168 portas
1182 2119 1415 2167 praeteriret.
1446 2137 1487 2142 -
1514 2117 1598 2155 Iam
1625 2116 1770 2155 Caesar

179 2173 229 2217 ad
253 2174 330 2213 hoc
356 2175 545 2224 oppidum
571 2175 833 2224 proficiscitur
857 2177 1029 2225 (praeter
1045 2175 1243 2221 Scipionis
1269 2176 1413 2219 castra)
1428 2178 1544 2221 atque
1570 2185 1615 2212 eo
1641 2178 1772 2223 capto,

180 2234 392 2280 postquam
430 2236 568 2270 contra
604 2231 703 2270 duas
733 2233 911 2271 hostium
946 2232 1136 2280 legiones,
1174 2234 1241 2280 qui
1277 2233 1318 2269 in
1343 2232 1448 2277 agris
1473 2230 1774 2274 frumentantur,

178 2286 282 2331 nihil
305 2287 482 2336 profecit,
507 2291 724 2328 revertitur.
775 2289 822 2328 In
847 2291 998 2334 itinere,
1022 2301 1104 2328 non
1129 2288 1246 2335 longe
1271 2299 1294 2326 a
1320 2289 1457 2326 castris
1483 2286 1696 2336 Scipionis,
1730 2287 1772 2326 id

179 2348 259 2387 est,
274 2349 486 2394 postquam
512 2346 643 2398 decem
670 2347 747 2385 fere
772 2346 853 2385 mil.
879 2359 984 2396 pass.
1019 2355 1257 2395 progressus*
1284 2349 1355 2390 est,
1387 2344 1562 2383 assiduis
1592 2344 1772 2383 hostium

162 2403 474 2447 ,incursionibus
504 2403 621 2443 valde
654 2404 877 2453 impeditur,
907 2415 999 2443 nam
1031 2402 1149 2443 modo
1184 2402 1233 2440 ad
1267 2401 1529 2450 pugnandum
1562 2400 1682 2440 modo
1722 2401 1772 2440 ad

176 2458 504 2507 proficiscendum
533 2460 681 2500 milites
713 2463 842 2510 parati
874 2473 961 2499 esse
993 2465 1197 2507 coguntur.
1248 2457 1367 2497 Modo
1386 2483 1391 2487 -
1407 2457 1455 2496 de
1491 2458 1567 2496 hoc
1597 2464 1773 2506 tempore

176 2514 256 2554 dici
292 2527 411 2564 posse
452 2515 564 2555 illud·
597 2517 628 2554 Ο
654 2524 781 2564 passus
815 2518 855 2553 in
890 2518 1011 2555 horam
1042 2517 1107 2556 vel
1140 2517 1179 2551 in
1208 2515 1303 2550 horis
1339 2514 1431 2551 ΠΗ
1461 2519 1772 2554 consentaneum

52 2611 64 2621 ‚
103 2591 109 2594 >
176 2575 253 2610 est.
309 2571 426 2618 Quid,
467 2573 573 2621 quod
603 2574 680 2613 hoc
716 2577 849 2623 ipsum
886 2577 1043 2623 tempus
1075 2572 1152 2611 IIII
1183 2572 1302 2609 horas
1349 2572 1473 2611 fuisse
1512 2576 1649 2611 auctor
1684 2572 1773 2611 vult

176 2628 425 2680 sig-nificare?
498 2630 544 2667 In
603 2630 697 2670 horis
740 2631 829 2668 ΠΠ
884 2635 980 2669 tunc
1033 2628 1311 2678 explicandum
1373 2633 1450 2668 est:
1512 2629 1552 2664 in
1602 2629 1774 2674 prom’nn‘s

0 2673 4 2681 ⁷
73 2708 79 2709 ff
129 2676 154 2726 'J
176 2688 340 2732 quattuor
362 2686 466 2733 horis,
491 2687 533 2726 id
557 2692 628 2733 est,
655 2688 844 2736 quamdiu
875 2688 925 2727 ab
956 2687 1131 2726 hostium
1168 2688 1347 2734 equitatu
1372 2685 1518 2724 Caesar
1542 2687 1770 2725 vexabatur

150 2758 160 2763 f
178 2741 239 2782 Ac
264 2744 299 2781 si
324 2744 413 2794 quis
430 2748 561 2783 tamen
579 2755 619 2780 m
633 2743 728 2781 horis
743 2743 834 2781 ΠΗ
851 2743 1062 2782 ridiculum
1081 2754 1166 2782 esse
1182 2747 1308 2791 putet,
1325 2747 1421 2781 tunc
1439 2744 1473 2780 ei
1492 2742 1772 2792 opponendum

1546 2809 1583 2842 10
