1919 3029
274 872 596 960 Commentarius
622 908 669 945 de
695 907 801 945 bello
828 908 961 945 Africo
988 907 1184 955 quomodo
1216 909 1270 944 sit
1296 911 1405 945 ortus
1434 912 1551 954 atque
1578 908 1759 945 Caesaris

93 971 97 973 “
149 966 449 1002 commentariis
481 963 703 1011 adjunctus,
742 969 780 1001 et
818 965 906 1011 quis
945 965 1232 1011 conscripserit,
1272 963 1509 1001 iamdudum
1542 966 1617 1001 viri
1656 964 1762 1003 docti

156 1021 344 1068 indagare
382 1020 627 1058 studuerunt.
689 1021 748 1058 Ac
777 1032 903 1067 nuper
941 1020 999 1057 G:
1023 1020 1227 1066 Landgraf
1260 1025 1298 1057 et
1333 1020 1377 1057 E.
1412 1019 1633 1064 Woelfflin,
1672 1033 1762 1059 cum

157 1077 261 1115 hanc
286 1089 367 1116 rem
393 1077 523 1115 denuo
550 1081 773 1120 tractarent,
804 1076 922 1124 longe
956 1076 1003 1114 de
1029 1078 1094 1114 via
1118 1078 1212 1114 trita
1245 1076 1498 1114 deflexerunt.
1558 1077 1763 1124 Landgraf

155 1137 264 1173 enim
278 1137 321 1173 in
335 1136 662 1173 commentatione
676 1146 748 1172 sua
764 1162 784 1177 ,‚
794 1134 1097 1179 Untersuehunyen
1107 1145 1151 1169 zu
1170 1133 1299 1169 Caesar
1310 1134 1385 1169 und
1395 1134 1513 1169 seinen
1526 1135 1765 1171 Fortsetzerffl

158 1191 319 1229 tandem
345 1195 544 1230 auctorem
569 1191 667 1229 belli
692 1192 817 1228 Africi
848 1192 1048 1228 invenisse
1081 1192 1158 1228 sibi
1183 1190 1351 1233 videtur,
1375 1190 1598 1235 Woelfflin,
1633 1195 1701 1239 qui
1728 1195 1763 1230 ei

102 1269 106 1272 ·
157 1248 438 1296 adstipulatur,
488 1259 635 1285 novam
681 1249 723 1284 in
769 1247 941 1285 editione
984 1259 1057 1284 sua
1068 1249 1097 1292 ¹)
1140 1246 1369 1284 recensendi
1411 1249 1517 1285 viam
1559 1250 1763 1295 ingressus

139 1309 311 1349 gtextum
350 1306 621 1343 commentarii
658 1304 733 1341 hoc
772 1303 888 1342 modo
925 1303 1013 1341 vult
1050 1306 1301 1347 constituere,
1340 1308 1385 1342 ut
1424 1304 1560 1343 Asinio
1594 1306 1764 1345 Polione

154 1361 306 1408 >dignus
333 1374 419 1399 esse
445 1361 633 1399 videatur.
797 1397 799 1399 ,

256 1418 543 1456 Gravissimam
580 1418 684 1455 hanc
723 1419 993 1464 quaestionem
1034 1417 1081 1455 de
1119 1423 1276 1456 auctore
1315 1418 1412 1457 belli
1444 1419 1570 1457 Africi
1604 1421 1683 1457 nisi
1716 1433 1763 1459 ex

154 1482 247 1523 {pso
276 1476 547 1514 commentarii
572 1486 750 1513 sermone
777 1479 955 1512 accurate
979 1479 1183 1524 perspecto
1203 1476 1410 1514 diiudicari
1428 1488 1509 1514 non
1525 1489 1644 1524 posse
1661 1479 1764 1515 inter

158 1545 298 1571 omnes
325 1537 490 1571 constat.
543 1532 630 1576 Qua
656 1532 704 1569 de
730 1544 849 1570 causa
876 1536 966 1570 ante
994 1535 1127 1570 omnia
1153 1545 1252 1580 opus
1280 1538 1352 1577 est,
1378 1539 1422 1572 ut
1448 1537 1564 1572 certis
1591 1536 1759 1582 quibus-

153 1590 251 1628 dam
275 1592 498 1630 rationibus
516 1594 647 1627 textus
675 1592 945 1627 commentarii
970 1595 1228 1634 recenseatur,
1254 1603 1380 1639 neque
1397 1591 1489 1629 licet
1507 1604 1554 1629 ex
1575 1593 1761 1640 opinione

149 1647 206 1685 ·de
233 1650 403 1686 auctoris
430 1649 590 1685 nomine
616 1650 732 1694 capta
758 1647 805 1684 de
832 1646 1025 1694 dignitate
1059 1648 1239 1686 codicum
1274 1653 1312 1685 et
1344 1649 1391 1686 de
1417 1651 1482 1686 via
1517 1652 1758 1688 recensionis

157 1704 350 1742 iudicium
375 1705 482 1742 ferre.
533 1705 724 1741 Rationes
750 1716 842 1742 vero
869 1709 994 1742 certas
1021 1704 1250 1742 recensendi
1277 1705 1407 1743 adhuc
1433 1718 1513 1743 non
1540 1718 1626 1744 esse
1652 1718 1761 1744 com-

155 1765 289 1810 pertas
303 1771 305 1773 ’
317 1773 365 1799 ex
390 1764 479 1810 ipsa
494 1760 722 1799 Woelfflini
739 1761 910 1800 editione
928 1761 1041 1800 facile
1059 1763 1321 1808 cognoscitur,
1348 1765 1494 1810 quippe
1513 1765 1593 1810 qui,
1620 1775 1761 1811 quam-

101 1830 109 1839 ·
156 1830 278 1867 quam
303 1820 345 1857 in
369 1820 487 1857 rebus
520 1820 769 1864 gravissimis
802 1819 920 1864 longe
952 1830 976 1855 a
1008 1821 1143 1856 ceteris
1171 1818 1349 1862 discedit,
1388 1825 1555 1857 stemma
1581 1820 1759 1858 codicum

152 1875 288 1921 adhuc
325 1888 406 1913 non
444 1879 691 1922 perspectum
730 1887 815 1912 esse
859 1877 944 1922 ipse
991 1874 1223 1913 confiteatur
1234 1875 1270 1918 ²).
1335 1876 1534 1923 Imprimis
1585 1876 1759 1914 codicem

155 1931 391 1970 Leidensem
425 1933 522 1971 satis
554 1934 688 1978 magni
714 1944 737 1969 a
761 1932 999 1980 Nipperdeio
1026 1937 1065 1969 et
1089 1932 1299 1970 Duebnero
1337 1935 1602 1977 aestimatum,
1638 1945 1757 1980 quem

148 1989 309 2027 ,Meusel
344 1993 388 2026 ut
422 2000 470 2026 ex
495 1988 682 2026 Thuaneo
716 1988 956 2037 descriptum
989 1989 1107 2037 plane
1139 1989 1403 2037 spernendum
1441 2002 1526 2027 esse
1552 1990 1759 2035 censuit8),

155 2045 370 2085 Woelfflin
395 2047 521 2095 primo
547 2045 635 2085 loco
661 2048 783 2094 ponit.
917 2048 919 2050 ’

250 2104 298 2143 In
324 2116 441 2153 quam
467 2116 549 2142 rem
574 2116 665 2143 cum
690 2106 937 2152 inquirerem,
966 2104 1019 2142 ‘de
1050 2106 1149 2152 ipsis
1176 2104 1356 2143 codicum
1388 2105 1626 2144 lectionibus
1661 2117 1759 2143 num

134 2163 253 2200 'satis
270 2165 480 2205 constaret,
506 2163 548 2199 in
574 2162 868 2201 dubitationem
894 2161 1088 2200 adductus
1115 2175 1214 2201 sum.
1260 2162 1636 2201 Animadvertebam
1654 2164 1760 2201 enim

144 2224 192 2257 -et
227 2231 373 2257 novam
405 2219 551 2257 codicis
585 2219 792 2257 Leidensis
827 2219 1092 2262 collationem,
1131 2231 1248 2266 quam
1273 2219 1520 2266 perfecerunt
1545 2219 1759 2257 Woelfflin

273 2333 295 2371 ¹)
316 2332 351 2365 C.
381 2332 478 2365 Asini
508 2332 653 2365 Polionis
668 2333 722 2368 vde
747 2331 833 2365 bello
854 2332 966 2365 Africo
987 2331 1252 2365 commentarius.
1297 2332 1548 2365 Recensuerunt
1580 2336 1642 2365 etc.
1693 2333 1757 2364 Ed.

0 2355 39 2406 ἦ
90 2423 92 2425 ¹
146 2379 327 2413 Woelfflin
346 2383 381 2412 et
399 2380 548 2413 Adamus
567 2378 766 2412 Miodonski.

270 2427 294 2466 ¹)
315 2427 365 2460 cf.
386 2428 486 2467 praef.
507 2439 538 2467 p.
559 2428 650 2460 XIV.
698 2428 854 2461 Ceterum
879 2438 957 2460 cum
983 2427 1133 2459 diffidere
1161 2427 1312 2459 videatur
1331 2427 1505 2460 Woelfflin
1527 2427 1759 2459 collationibus

151 2470 329 2514 Duebneri‚
350 2478 534 2508 statuamus
552 2478 680 2514 oportet
699 2478 829 2509 veteres
848 2476 978 2508 codices
999 2484 1076 2507 eum
1095 2484 1297 2513 quamquam
1320 2485 1387 2507 non
1408 2475 1480 2507 sine
1499 2475 1629 2507 mendis
1648 2478 1760 2507 tamen

102 2528 105 2530 ’
148 2523 234 2555 satis
254 2523 430 2561 diligenter
449 2523 629 2556 contulisse
656 2523 865 2561 (Leidensem
891 2533 959 2555 non
982 2522 1084 2555 semel
1104 2522 1228 2555 rectius
1248 2523 1436 2561 exscripsit,
1465 2533 1565 2561 quam
1585 2522 1760 2555 Woelfflin

141 2572 188 2602 -et
205 2568 417 2610 Miodofiskiz
438 2571 474 2603 in
494 2570 681 2604 recentibus
702 2580 782 2604 sane
801 2571 832 2604 ei
852 2570 924 2603 iure
943 2570 1085 2603 diffidas.

171 2618 174 2620 ’
264 2620 288 2657 ⁸)
307 2618 571 2652 Jahresberichte
590 2618 622 2651 d.
642 2618 721 2657 phil.
744 2618 883 2651 Vereins
905 2621 988 2655 1885,
1009 2628 1040 2656 p.
1064 2620 1128 2650 176.
