<?xml version="1.0" encoding="UTF-8"?>
<!DOCTYPE html PUBLIC "-//W3C//DTD XHTML 1.0 Transitional//EN"
    "http://www.w3.org/TR/xhtml1/DTD/xhtml1-transitional.dtd">
<html xmlns="http://www.w3.org/1999/xhtml" xml:lang="en" lang="en">
 <head>
  <title>
</title>
<meta http-equiv="Content-Type" content="text/html;charset=utf-8" />
  <meta name='ocr-system' content='tesseract 3.04.00' />
  <meta name='ocr-capabilities' content='ocr_page ocr_carea ocr_par ocr_line ocrx_word'/>
</head>
<body>
  <div class='ocr_page' id='page_1' title='image "4737387_0049.png"; bbox 0 0 1919 3029; ppageno 0'>
   <div class='ocr_carea' id='block_1_1' title="bbox 902 117 975 182">
    <p class='ocr_par' dir='ltr' id='par_1_1' title="bbox 902 117 975 182">
     <span class='ocr_line' id='line_1_1' title="bbox 902 117 975 182; baseline 0 -59"><span class='ocrx_word' id='word_1_1' title='bbox 902 117 975 182; x_wconf 55' lang='lat'>‚342</span> 
     </span>
    </p>
   </div>
   <div class='ocr_carea' id='block_1_2' title="bbox 147 233 1817 307">
    <p class='ocr_par' dir='ltr' id='par_1_2' title="bbox 147 233 1817 307">
     <span class='ocr_line' id='line_1_2' title="bbox 147 233 1817 307; baseline 0.003 -14"><span class='ocrx_word' id='word_1_2' title='bbox 147 254 236 293; x_wconf 87' lang='lat' dir='ltr'>ideo</span> <span class='ocrx_word' id='word_1_3' title='bbox 276 254 383 303; x_wconf 91' lang='lat' dir='ltr'>quod</span> <span class='ocrx_word' id='word_1_4' title='bbox 421 254 641 299; x_wconf 69' lang='lat' dir='ltr'><em>A*BD25;</em></span> <span class='ocrx_word' id='word_1_5' title='bbox 684 256 763 294; x_wconf 88' lang='lat' dir='ltr'>diei</span> <span class='ocrx_word' id='word_1_6' title='bbox 802 257 883 302; x_wconf 88' lang='lat' dir='ltr'>(die</span> <span class='ocrx_word' id='word_1_7' title='bbox 908 233 1068 292; x_wconf 71' lang='lat' dir='ltr'>L·Net</span> <span class='ocrx_word' id='word_1_8' title='bbox 1093 257 1157 301; x_wconf 90' lang='lat' dir='ltr'>D¹‚</span> <span class='ocrx_word' id='word_1_9' title='bbox 1194 260 1234 293; x_wconf 79' lang='lat' dir='ltr'>ut</span> <span class='ocrx_word' id='word_1_10' title='bbox 1261 243 1421 304; x_wconf 47' lang='lat' dir='ltr'>vid.)&#39;de</span> <span class='ocrx_word' id='word_1_11' title='bbox 1454 258 1633 307; x_wconf 80' lang='lat' dir='ltr'>eo&#39;quod</span> <span class='ocrx_word' id='word_1_12' title='bbox 1659 259 1758 298; x_wconf 88' lang='lat' dir='ltr'>PL.</span> <span class='ocrx_word' id='word_1_13' title='bbox 1792 261 1817 305; x_wconf 53' lang='lat' dir='ltr'>J</span> 
     </span>
    </p>
   </div>
   <div class='ocr_carea' id='block_1_3' title="bbox 147 308 1755 409">
    <p class='ocr_par' dir='ltr' id='par_1_3' title="bbox 147 308 1755 409">
     <span class='ocr_line' id='line_1_3' title="bbox 147 308 1755 409; baseline 0.004 -61"><span class='ocrx_word' id='word_1_14' title='bbox 147 312 256 409; x_wconf 52' lang='grc' dir='ltr'>ΜΙῚ)</span> <span class='ocrx_word' id='word_1_15' title='bbox 255 311 306 348; x_wconf 90' lang='lat' dir='ltr'>D¹</span> <span class='ocrx_word' id='word_1_16' title='bbox 328 312 365 349; x_wconf 90' lang='lat' dir='ltr'><em>U</em></span> <span class='ocrx_word' id='word_1_17' title='bbox 371 313 424 405; x_wconf 59' lang='grc' dir='ltr'>ξε</span> <span class='ocrx_word' id='word_1_18' title='bbox 467 312 545 352; x_wconf 92' lang='lat' dir='ltr'>diei</span> <span class='ocrx_word' id='word_1_19' title='bbox 583 313 689 362; x_wconf 91' lang='lat' dir='ltr'>quod</span> <span class='ocrx_word' id='word_1_20' title='bbox 735 313 770 350; x_wconf 89' lang='lat' dir='ltr'><strong><em>V</em></strong></span> <span class='ocrx_word' id='word_1_21' title='bbox 802 336 847 341; x_wconf 90' lang='lat'>—</span> <span class='ocrx_word' id='word_1_22' title='bbox 885 317 929 353; x_wconf 90' lang='lat'>18</span> <span class='ocrx_word' id='word_1_23' title='bbox 964 308 1160 364; x_wconf 84' lang='lat' dir='ltr'>portubus</span> <span class='ocrx_word' id='word_1_24' title='bbox 1198 314 1237 351; x_wconf 91' lang='lat' dir='ltr'><em>D</em></span> <span class='ocrx_word' id='word_1_25' title='bbox 1279 337 1324 343; x_wconf 91' lang='lat'><em>-</em></span> <span class='ocrx_word' id='word_1_26' title='bbox 1370 315 1576 356; x_wconf 80' lang='lat' dir='ltr'><strong>cohibetur</strong></span> <span class='ocrx_word' id='word_1_27' title='bbox 1617 316 1655 352; x_wconf 91' lang='lat' dir='ltr'><strong><em>P</em></strong></span> <span class='ocrx_word' id='word_1_28' title='bbox 1677 313 1755 362; x_wconf 65' lang='lat' dir='ltr'>joi-,5</span> 
     </span>
     <span class='ocr_line' id='line_1_4' title="bbox 147 372 993 409; baseline -0.006 0"><span class='ocrx_word' id='word_1_29' title='bbox 147 372 230 409; x_wconf 87' lang='lat' dir='ltr'>coie</span> <span class='ocrx_word' id='word_1_30' title='bbox 261 375 349 409; x_wconf 89' lang='lat' dir='ltr'>atur</span> <span class='ocrx_word' id='word_1_31' title='bbox 395 400 403 408; x_wconf 88' lang='lat'>.</span> <span class='ocrx_word' id='word_1_32' title='bbox 988 375 993 380; x_wconf 84' lang='lat'><strong>‘</strong></span> 
     </span>
    </p>
   </div>
   <div class='ocr_carea' id='block_1_4' title="bbox 143 562 1794 2224">
    <p class='ocr_par' dir='ltr' id='par_1_4' title="bbox 146 562 1794 956">
     <span class='ocr_line' id='line_1_5' title="bbox 261 562 1753 613; baseline 0.003 -13"><span class='ocrx_word' id='word_1_33' title='bbox 261 562 345 600; x_wconf 88' lang='lat' dir='ltr'>Iam</span> <span class='ocrx_word' id='word_1_34' title='bbox 391 574 480 600; x_wconf 92' lang='lat' dir='ltr'>cum</span> <span class='ocrx_word' id='word_1_35' title='bbox 524 562 575 600; x_wconf 87' lang='lat' dir='ltr'>ad</span> <span class='ocrx_word' id='word_1_36' title='bbox 618 564 744 611; x_wconf 87' lang='lat' dir='ltr'>ipsam</span> <span class='ocrx_word' id='word_1_37' title='bbox 791 575 874 601; x_wconf 90' lang='lat' dir='ltr'>rem</span> <span class='ocrx_word' id='word_1_38' title='bbox 915 563 1213 612; x_wconf 78' lang='lat' dir='ltr'><strong>disceptandam</strong></span> <span class='ocrx_word' id='word_1_39' title='bbox 1255 566 1547 610; x_wconf 81' lang='lat' dir='ltr'>accesserimus,</span> <span class='ocrx_word' id='word_1_40' title='bbox 1594 566 1753 613; x_wconf 87' lang='lat' dir='ltr'>initium</span> 
     </span>
     <span class='ocr_line' id='line_1_6' title="bbox 147 621 1751 668; baseline 0.003 -11"><span class='ocrx_word' id='word_1_41' title='bbox 147 621 350 668; x_wconf 83' lang='lat' dir='ltr'>capiamus</span> <span class='ocrx_word' id='word_1_42' title='bbox 378 621 426 659; x_wconf 89' lang='lat' dir='ltr'>ab</span> <span class='ocrx_word' id='word_1_43' title='bbox 454 622 516 664; x_wconf 90' lang='lat' dir='ltr'>iis,</span> <span class='ocrx_word' id='word_1_44' title='bbox 550 632 650 668; x_wconf 89' lang='lat' dir='ltr'>quae</span> <span class='ocrx_word' id='word_1_45' title='bbox 684 621 732 658; x_wconf 93' lang='lat' dir='ltr'>de</span> <span class='ocrx_word' id='word_1_46' title='bbox 757 621 855 659; x_wconf 92' lang='lat' dir='ltr'>belli</span> <span class='ocrx_word' id='word_1_47' title='bbox 880 621 1004 659; x_wconf 88' lang='lat' dir='ltr'>Africi</span> <span class='ocrx_word' id='word_1_48' title='bbox 1038 621 1240 660; x_wconf 84' lang='lat' dir='ltr'>codicibus</span> <span class='ocrx_word' id='word_1_49' title='bbox 1275 622 1347 660; x_wconf 84' lang='lat' dir='ltr'>alii</span> <span class='ocrx_word' id='word_1_50' title='bbox 1370 626 1474 660; x_wconf 90' lang='lat' dir='ltr'>certa</span> <span class='ocrx_word' id='word_1_51' title='bbox 1506 625 1751 662; x_wconf 87' lang='lat' dir='ltr'>invenerunt.</span> 
     </span>
     <span class='ocr_line' id='line_1_7' title="bbox 147 677 1766 729; baseline 0.002 -14"><span class='ocrx_word' id='word_1_52' title='bbox 147 678 281 725; x_wconf 84' lang='lat' dir='ltr'>Atque</span> <span class='ocrx_word' id='word_1_53' title='bbox 307 677 382 716; x_wconf 91' lang='lat' dir='ltr'>hoc</span> <span class='ocrx_word' id='word_1_54' title='bbox 407 690 478 725; x_wconf 88' lang='lat' dir='ltr'>pro</span> <span class='ocrx_word' id='word_1_55' title='bbox 505 682 609 715; x_wconf 90' lang='lat' dir='ltr'>certo</span> <span class='ocrx_word' id='word_1_56' title='bbox 635 690 852 725; x_wconf 88' lang='lat' dir='ltr'>possumus</span> <span class='ocrx_word' id='word_1_57' title='bbox 879 678 1095 724; x_wconf 55' lang='grc' dir='ltr'>1181)(3161),Α</span> <span class='ocrx_word' id='word_1_58' title='bbox 1115 678 1214 717; x_wconf 90' lang='lat' dir='ltr'>duas</span> <span class='ocrx_word' id='word_1_59' title='bbox 1250 691 1335 717; x_wconf 88' lang='lat' dir='ltr'>esse</span> <span class='ocrx_word' id='word_1_60' title='bbox 1369 679 1554 725; x_wconf 82' lang='lat' dir='ltr'>familias,</span> <span class='ocrx_word' id='word_1_61' title='bbox 1587 692 1766 729; x_wconf 54' lang='lat' dir='ltr'>quarum*</span> 
     </span>
     <span class='ocr_line' id='line_1_8' title="bbox 147 735 1794 785; baseline 0.001 -12"><span class='ocrx_word' id='word_1_62' title='bbox 147 737 279 781; x_wconf 90' lang='lat' dir='ltr'>unius,</span> <span class='ocrx_word' id='word_1_63' title='bbox 323 747 443 783; x_wconf 89' lang='lat' dir='ltr'>quam</span> <span class='ocrx_word' id='word_1_64' title='bbox 481 735 706 774; x_wconf 89' lang='lat' dir='ltr'>Parisinam</span> <span class='ocrx_word' id='word_1_65' title='bbox 747 735 840 774; x_wconf 92' lang='lat' dir='ltr'>licet</span> <span class='ocrx_word' id='word_1_66' title='bbox 886 748 1037 780; x_wconf 81' lang='lat' dir='ltr'>vocare,</span> <span class='ocrx_word' id='word_1_67' title='bbox 1084 736 1236 776; x_wconf 89' lang='lat' dir='ltr'>codices</span> <span class='ocrx_word' id='word_1_68' title='bbox 1279 739 1613 785; x_wconf 82' lang='lat' dir='ltr'>praestantissimi</span> <span class='ocrx_word' id='word_1_69' title='bbox 1659 742 1754 776; x_wconf 91' lang='lat' dir='ltr'>sunt</span> <span class='ocrx_word' id='word_1_70' title='bbox 1783 771 1794 775; x_wconf 78' lang='grc'><strong><em>,</em></strong></span> 
     </span>
     <span class='ocr_line' id='line_1_9' title="bbox 146 792 1753 843; baseline 0.002 -13"><span class='ocrx_word' id='word_1_71' title='bbox 146 792 354 830; x_wconf 86' lang='lat' dir='ltr'>Parisinus</span> <span class='ocrx_word' id='word_1_72' title='bbox 382 795 465 831; x_wconf 89' lang='lat' dir='ltr'>sive</span> <span class='ocrx_word' id='word_1_73' title='bbox 487 792 704 831; x_wconf 87' lang='lat' dir='ltr'>Thuaneus</span> <span class='ocrx_word' id='word_1_74' title='bbox 732 793 800 839; x_wconf 94' lang='lat' dir='ltr'>(P)</span> <span class='ocrx_word' id='word_1_75' title='bbox 828 797 867 831; x_wconf 90' lang='lat' dir='ltr'>et</span> <span class='ocrx_word' id='word_1_76' title='bbox 886 793 1209 832; x_wconf 90' lang='lat' dir='ltr'>Vindobonensis</span> <span class='ocrx_word' id='word_1_77' title='bbox 1226 794 1310 843; x_wconf 76' lang='lat' dir='ltr'>(V),</span> <span class='ocrx_word' id='word_1_78' title='bbox 1337 794 1512 840; x_wconf 86' lang='lat' dir='ltr'>alterius,</span> <span class='ocrx_word' id='word_1_79' title='bbox 1536 795 1753 839; x_wconf 84' lang='lat' dir='ltr'>Romanae,</span> 
     </span>
     <span class='ocr_line' id='line_1_10' title="bbox 146 844 1753 898; baseline 0.002 -10"><span class='ocrx_word' id='word_1_80' title='bbox 146 844 389 888; x_wconf 84' lang='lat' dir='ltr'>Ursinianus</span> <span class='ocrx_word' id='word_1_81' title='bbox 427 850 497 897; x_wconf 92' lang='lat' dir='ltr'>(U)</span> <span class='ocrx_word' id='word_1_82' title='bbox 529 854 567 888; x_wconf 89' lang='lat' dir='ltr'>et</span> <span class='ocrx_word' id='word_1_83' title='bbox 600 850 859 889; x_wconf 87' lang='lat' dir='ltr'>Florentinus</span> <span class='ocrx_word' id='word_1_84' title='bbox 886 851 966 898; x_wconf 83' lang='lat' dir='ltr'>(F).</span> <span class='ocrx_word' id='word_1_85' title='bbox 1030 852 1114 890; x_wconf 90' lang='lat' dir='ltr'>Iam</span> <span class='ocrx_word' id='word_1_86' title='bbox 1150 851 1197 890; x_wconf 93' lang='lat' dir='ltr'>de</span> <span class='ocrx_word' id='word_1_87' title='bbox 1232 854 1368 891; x_wconf 91' lang='lat' dir='ltr'>ceteris</span> <span class='ocrx_word' id='word_1_88' title='bbox 1404 852 1619 898; x_wconf 79' lang='lat' dir='ltr'>codicibus,</span> <span class='ocrx_word' id='word_1_89' title='bbox 1657 865 1753 891; x_wconf 91' lang='lat' dir='ltr'>num</span> 
     </span>
     <span class='ocr_line' id='line_1_11' title="bbox 147 908 1239 956; baseline 0.001 -10"><span class='ocrx_word' id='word_1_90' title='bbox 147 910 215 956; x_wconf 93' lang='lat' dir='ltr'>qui</span> <span class='ocrx_word' id='word_1_91' title='bbox 240 908 304 946; x_wconf 90' lang='lat' dir='ltr'>his</span> <span class='ocrx_word' id='word_1_92' title='bbox 332 908 493 946; x_wconf 87' lang='lat' dir='ltr'>familiis</span> <span class='ocrx_word' id='word_1_93' title='bbox 520 908 770 946; x_wconf 88' lang='lat' dir='ltr'>adnumerari</span> <span class='ocrx_word' id='word_1_94' title='bbox 795 910 965 956; x_wconf 88' lang='lat' dir='ltr'>possint,</span> <span class='ocrx_word' id='word_1_95' title='bbox 992 920 1239 956; x_wconf 85' lang='lat' dir='ltr'>quaeramus.</span> 
     </span>
    </p>

    <p class='ocr_par' dir='ltr' id='par_1_5' title="bbox 146 965 1754 1303">
     <span class='ocr_line' id='line_1_12' title="bbox 262 965 1754 1013; baseline 0.001 -10"><span class='ocrx_word' id='word_1_96' title='bbox 262 966 321 1003; x_wconf 88' lang='lat' dir='ltr'>Ac</span> <span class='ocrx_word' id='word_1_97' title='bbox 353 967 525 1013; x_wconf 91' lang='lat' dir='ltr'>primum</span> <span class='ocrx_word' id='word_1_98' title='bbox 561 965 721 1013; x_wconf 91' lang='lat' dir='ltr'>quidem</span> <span class='ocrx_word' id='word_1_99' title='bbox 756 965 929 1003; x_wconf 86' lang='lat' dir='ltr'>codicem</span> <span class='ocrx_word' id='word_1_100' title='bbox 955 965 1191 1005; x_wconf 87' lang='lat' dir='ltr'>Leidensem</span> <span class='ocrx_word' id='word_1_101' title='bbox 1230 966 1368 1005; x_wconf 91' lang='lat' dir='ltr'>multis</span> <span class='ocrx_word' id='word_1_102' title='bbox 1403 967 1500 1005; x_wconf 90' lang='lat' dir='ltr'>locis</span> <span class='ocrx_word' id='word_1_103' title='bbox 1536 971 1680 1005; x_wconf 87' lang='lat' dir='ltr'>temere</span> <span class='ocrx_word' id='word_1_104' title='bbox 1715 971 1754 1005; x_wconf 91' lang='lat' dir='ltr'>et</span> 
     </span>
     <span class='ocr_line' id='line_1_13' title="bbox 146 1020 1752 1071; baseline 0.001 -10"><span class='ocrx_word' id='word_1_105' title='bbox 146 1025 233 1061; x_wconf 87' lang='lat' dir='ltr'>sine</span> <span class='ocrx_word' id='word_1_106' title='bbox 259 1023 343 1061; x_wconf 90' lang='lat' dir='ltr'>ulla</span> <span class='ocrx_word' id='word_1_107' title='bbox 369 1035 489 1061; x_wconf 90' lang='lat' dir='ltr'>causa</span> <span class='ocrx_word' id='word_1_108' title='bbox 515 1035 538 1060; x_wconf 94' lang='lat' dir='ltr'>a</span> <span class='ocrx_word' id='word_1_109' title='bbox 562 1022 724 1062; x_wconf 88' lang='lat' dir='ltr'>librario</span> <span class='ocrx_word' id='word_1_110' title='bbox 760 1035 845 1061; x_wconf 90' lang='lat' dir='ltr'>esse</span> <span class='ocrx_word' id='word_1_111' title='bbox 878 1024 1174 1071; x_wconf 89' lang='lat' dir='ltr'>interpolatum,</span> <span class='ocrx_word' id='word_1_112' title='bbox 1208 1037 1356 1069; x_wconf 82' lang='lat' dir='ltr'>omneS,</span> <span class='ocrx_word' id='word_1_113' title='bbox 1389 1030 1434 1063; x_wconf 89' lang='lat' dir='ltr'>ut</span> <span class='ocrx_word' id='word_1_114' title='bbox 1458 1020 1625 1069; x_wconf 52' lang='lat' dir='ltr'>Videtur,</span> <span class='ocrx_word' id='word_1_115' title='bbox 1660 1024 1752 1062; x_wconf 88' lang='lat' dir='ltr'>inde</span> 
     </span>
     <span class='ocr_line' id='line_1_14' title="bbox 146 1076 1752 1130; baseline -0.001 -11"><span class='ocrx_word' id='word_1_116' title='bbox 146 1081 196 1120; x_wconf 86' lang='lat' dir='ltr'>ab</span> <span class='ocrx_word' id='word_1_117' title='bbox 229 1080 468 1128; x_wconf 91' lang='lat' dir='ltr'>Nipperdeio</span> <span class='ocrx_word' id='word_1_118' title='bbox 503 1080 673 1119; x_wconf 86' lang='lat' dir='ltr'>editores</span> <span class='ocrx_word' id='word_1_119' title='bbox 707 1076 970 1118; x_wconf 88' lang='lat' dir='ltr'>consentiunt.</span> <span class='ocrx_word' id='word_1_120' title='bbox 1032 1081 1135 1119; x_wconf 91' lang='lat' dir='ltr'>Nam</span> <span class='ocrx_word' id='word_1_121' title='bbox 1161 1081 1445 1120; x_wconf 87' lang='lat' dir='ltr'>Woelfflinum</span> <span class='ocrx_word' id='word_1_122' title='bbox 1481 1093 1648 1130; x_wconf 89' lang='lat' dir='ltr'>quoque,</span> <span class='ocrx_word' id='word_1_123' title='bbox 1684 1083 1752 1129; x_wconf 91' lang='lat' dir='ltr'>qui</span> 
     </span>
     <span class='ocr_line' id='line_1_15' title="bbox 146 1137 1751 1187; baseline 0.001 -11"><span class='ocrx_word' id='word_1_124' title='bbox 146 1137 249 1176; x_wconf 86' lang='lat' dir='ltr'>nihil</span> <span class='ocrx_word' id='word_1_125' title='bbox 276 1138 323 1177; x_wconf 86' lang='lat' dir='ltr'>de</span> <span class='ocrx_word' id='word_1_126' title='bbox 349 1138 424 1176; x_wconf 89' lang='lat' dir='ltr'>hac</span> <span class='ocrx_word' id='word_1_127' title='bbox 448 1150 488 1176; x_wconf 91' lang='lat' dir='ltr'>re</span> <span class='ocrx_word' id='word_1_128' title='bbox 516 1137 631 1183; x_wconf 88' lang='lat' dir='ltr'>dicat,</span> <span class='ocrx_word' id='word_1_129' title='bbox 658 1138 868 1187; x_wconf 85' lang='lat' dir='ltr'>astipulari</span> <span class='ocrx_word' id='word_1_130' title='bbox 893 1138 1039 1177; x_wconf 88' lang='lat' dir='ltr'>credas.</span> <span class='ocrx_word' id='word_1_131' title='bbox 1083 1139 1142 1177; x_wconf 92' lang='lat' dir='ltr'>Ac</span> <span class='ocrx_word' id='word_1_132' title='bbox 1169 1152 1276 1184; x_wconf 81' lang='lat' dir='ltr'>sane,</span> <span class='ocrx_word' id='word_1_133' title='bbox 1301 1143 1362 1179; x_wconf 88' lang='lat' dir='ltr'>tot</span> <span class='ocrx_word' id='word_1_134' title='bbox 1387 1143 1483 1178; x_wconf 89' lang='lat' dir='ltr'>sunt</span> <span class='ocrx_word' id='word_1_135' title='bbox 1507 1138 1584 1177; x_wconf 90' lang='lat' dir='ltr'>loci</span> <span class='ocrx_word' id='word_1_136' title='bbox 1613 1142 1652 1177; x_wconf 90' lang='lat' dir='ltr'>et</span> <span class='ocrx_word' id='word_1_137' title='bbox 1669 1144 1751 1177; x_wconf 89' lang='lat' dir='ltr'>tam</span> 
     </span>
     <span class='ocr_line' id='line_1_16' title="bbox 146 1196 1752 1244; baseline 0.001 -11"><span class='ocrx_word' id='word_1_138' title='bbox 146 1196 260 1233; x_wconf 86' lang='lat' dir='ltr'>facile</span> <span class='ocrx_word' id='word_1_139' title='bbox 286 1198 472 1242; x_wconf 86' lang='lat' dir='ltr'>cognosci</span> <span class='ocrx_word' id='word_1_140' title='bbox 496 1200 680 1243; x_wconf 86' lang='lat' dir='ltr'>possunt,</span> <span class='ocrx_word' id='word_1_141' title='bbox 707 1200 752 1233; x_wconf 93' lang='lat' dir='ltr'>ut</span> <span class='ocrx_word' id='word_1_142' title='bbox 777 1196 942 1242; x_wconf 85' lang='lat' dir='ltr'>longum</span> <span class='ocrx_word' id='word_1_143' title='bbox 969 1198 1023 1234; x_wconf 90' lang='lat' dir='ltr'>sit</span> <span class='ocrx_word' id='word_1_144' title='bbox 1048 1209 1274 1235; x_wconf 89' lang='lat' dir='ltr'>enumerare</span> <span class='ocrx_word' id='word_1_145' title='bbox 1293 1197 1463 1244; x_wconf 87' lang='lat' dir='ltr'>singula.</span> <span class='ocrx_word' id='word_1_146' title='bbox 1515 1197 1605 1235; x_wconf 93' lang='lat' dir='ltr'>Non</span> <span class='ocrx_word' id='word_1_147' title='bbox 1624 1208 1752 1244; x_wconf 89' lang='lat' dir='ltr'>pauca</span> 
     </span>
     <span class='ocr_line' id='line_1_17' title="bbox 146 1252 1750 1303; baseline 0.001 -13"><span class='ocrx_word' id='word_1_148' title='bbox 146 1254 325 1291; x_wconf 90' lang='lat' dir='ltr'>invenies</span> <span class='ocrx_word' id='word_1_149' title='bbox 358 1254 399 1290; x_wconf 93' lang='lat' dir='ltr'>in</span> <span class='ocrx_word' id='word_1_150' title='bbox 425 1252 565 1292; x_wconf 86' lang='lat' dir='ltr'>tabula</span> <span class='ocrx_word' id='word_1_151' title='bbox 591 1257 727 1291; x_wconf 87' lang='lat' dir='ltr'>nostra</span> <span class='ocrx_word' id='word_1_152' title='bbox 753 1253 800 1290; x_wconf 89' lang='lat' dir='ltr'>de</span> <span class='ocrx_word' id='word_1_153' title='bbox 826 1253 1008 1291; x_wconf 83' lang='lat' dir='ltr'>Parisino</span> <span class='ocrx_word' id='word_1_154' title='bbox 1035 1253 1243 1292; x_wconf 89' lang='lat' dir='ltr'>Leidensis</span> <span class='ocrx_word' id='word_1_155' title='bbox 1271 1254 1496 1303; x_wconf 87' lang='lat' dir='ltr'>archetypo,</span> <span class='ocrx_word' id='word_1_156' title='bbox 1530 1266 1567 1302; x_wconf 90' lang='lat' dir='ltr'>p.</span> <span class='ocrx_word' id='word_1_157' title='bbox 1595 1257 1641 1292; x_wconf 88' lang='lat'>43</span> <span class='ocrx_word' id='word_1_158' title='bbox 1667 1266 1750 1302; x_wconf 91' lang='lat' dir='ltr'>sqq.</span> 
     </span>
    </p>

    <p class='ocr_par' dir='ltr' id='par_1_6' title="bbox 145 1309 1767 1705">
     <span class='ocr_line' id='line_1_18' title="bbox 262 1309 1751 1360; baseline 0.001 -12"><span class='ocrx_word' id='word_1_159' title='bbox 262 1309 378 1355; x_wconf 82' lang='lat' dir='ltr'>Quod</span> <span class='ocrx_word' id='word_1_160' title='bbox 411 1310 461 1348; x_wconf 88' lang='lat' dir='ltr'>ad</span> <span class='ocrx_word' id='word_1_161' title='bbox 494 1312 683 1357; x_wconf 87' lang='lat' dir='ltr'>originem</span> <span class='ocrx_word' id='word_1_162' title='bbox 718 1312 802 1349; x_wconf 87' lang='lat' dir='ltr'>eius</span> <span class='ocrx_word' id='word_1_163' title='bbox 837 1312 991 1356; x_wconf 84' lang='lat' dir='ltr'>attinet,</span> <span class='ocrx_word' id='word_1_164' title='bbox 1025 1315 1238 1360; x_wconf 88' lang='lat' dir='ltr'>postquam</span> <span class='ocrx_word' id='word_1_165' title='bbox 1274 1312 1622 1357; x_wconf 72' lang='lat' dir='ltr'>Forohhammer‘2)</span> <span class='ocrx_word' id='word_1_166' title='bbox 1663 1324 1751 1350; x_wconf 89' lang='lat' dir='ltr'>eum</span> 
     </span>
     <span class='ocr_line' id='line_1_19' title="bbox 147 1367 1750 1416; baseline 0.001 -10"><span class='ocrx_word' id='word_1_167' title='bbox 147 1379 269 1416; x_wconf 90' lang='lat' dir='ltr'>aeque</span> <span class='ocrx_word' id='word_1_168' title='bbox 307 1380 351 1405; x_wconf 88' lang='lat' dir='ltr'>ac</span> <span class='ocrx_word' id='word_1_169' title='bbox 383 1367 680 1415; x_wconf 83' lang='lat' dir='ltr'>Scaligeranum</span> <span class='ocrx_word' id='word_1_170' title='bbox 718 1373 800 1407; x_wconf 87' lang='lat' dir='ltr'>arte</span> <span class='ocrx_word' id='word_1_171' title='bbox 838 1371 1093 1408; x_wconf 89' lang='lat' dir='ltr'>coniunctum</span> <span class='ocrx_word' id='word_1_172' title='bbox 1132 1382 1218 1407; x_wconf 89' lang='lat' dir='ltr'>esse</span> <span class='ocrx_word' id='word_1_173' title='bbox 1265 1370 1397 1407; x_wconf 89' lang='lat' dir='ltr'>docuit</span> <span class='ocrx_word' id='word_1_174' title='bbox 1435 1382 1524 1407; x_wconf 91' lang='lat' dir='ltr'>cum</span> <span class='ocrx_word' id='word_1_175' title='bbox 1556 1370 1750 1414; x_wconf 87' lang='lat' dir='ltr'>Parisino,</span> 
     </span>
     <span class='ocr_line' id='line_1_20' title="bbox 145 1424 1750 1476; baseline 0.001 -12"><span class='ocrx_word' id='word_1_176' title='bbox 145 1438 271 1475; x_wconf 90' lang='lat' dir='ltr'>nuper</span> <span class='ocrx_word' id='word_1_177' title='bbox 295 1425 451 1464; x_wconf 91' lang='lat' dir='ltr'>Meusel</span> <span class='ocrx_word' id='word_1_178' title='bbox 484 1426 509 1464; x_wconf 94' lang='grc'>1.</span> <span class='ocrx_word' id='word_1_179' title='bbox 543 1426 568 1464; x_wconf 92' lang='grc'>1.</span> <span class='ocrx_word' id='word_1_180' title='bbox 602 1428 742 1475; x_wconf 89' lang='lat' dir='ltr'>paucis</span> <span class='ocrx_word' id='word_1_181' title='bbox 786 1426 945 1475; x_wconf 90' lang='lat' dir='ltr'>quidem</span> <span class='ocrx_word' id='word_1_182' title='bbox 981 1426 1172 1476; x_wconf 84' lang='lat' dir='ltr'>exemplis</span> <span class='ocrx_word' id='word_1_183' title='bbox 1204 1424 1340 1475; x_wconf 59' lang='lat' dir='ltr'>&#39;eisque</span> <span class='ocrx_word' id='word_1_184' title='bbox 1372 1440 1420 1465; x_wconf 85' lang='lat' dir='ltr'>ex</span> <span class='ocrx_word' id='word_1_185' title='bbox 1452 1427 1558 1466; x_wconf 92' lang='lat' dir='ltr'>bello</span> <span class='ocrx_word' id='word_1_186' title='bbox 1596 1427 1750 1466; x_wconf 86' lang='lat' dir='ltr'>Gallico</span> 
     </span>
     <span class='ocr_line' id='line_1_21' title="bbox 145 1485 1749 1533; baseline 0.001 -11"><span class='ocrx_word' id='word_1_187' title='bbox 145 1487 281 1532; x_wconf 89' lang='lat' dir='ltr'>petitis</span> <span class='ocrx_word' id='word_1_188' title='bbox 308 1489 519 1532; x_wconf 88' lang='lat' dir='ltr'>utrumque</span> <span class='ocrx_word' id='word_1_189' title='bbox 547 1497 594 1522; x_wconf 87' lang='lat' dir='ltr'>ex</span> <span class='ocrx_word' id='word_1_190' title='bbox 619 1487 707 1532; x_wconf 90' lang='lat' dir='ltr'>ipso</span> <span class='ocrx_word' id='word_1_191' title='bbox 726 1485 908 1523; x_wconf 90' lang='lat' dir='ltr'>Parisino</span> <span class='ocrx_word' id='word_1_192' title='bbox 937 1485 1176 1533; x_wconf 88' lang='lat' dir='ltr'>descriptum</span> <span class='ocrx_word' id='word_1_193' title='bbox 1204 1497 1289 1523; x_wconf 89' lang='lat' dir='ltr'>esse</span> <span class='ocrx_word' id='word_1_194' title='bbox 1308 1487 1561 1533; x_wconf 85' lang='lat' dir='ltr'>comprobare</span> <span class='ocrx_word' id='word_1_195' title='bbox 1585 1485 1749 1523; x_wconf 90' lang='lat' dir='ltr'>studuit.</span> 
     </span>
     <span class='ocr_line' id='line_1_22' title="bbox 145 1541 1767 1591; baseline 0.001 -12"><span class='ocrx_word' id='word_1_196' title='bbox 145 1542 229 1580; x_wconf 91' lang='lat' dir='ltr'>Iam</span> <span class='ocrx_word' id='word_1_197' title='bbox 258 1541 492 1590; x_wconf 87' lang='lat' dir='ltr'>adstipulati</span> <span class='ocrx_word' id='word_1_198' title='bbox 527 1546 621 1579; x_wconf 89' lang='lat' dir='ltr'>sunt</span> <span class='ocrx_word' id='word_1_199' title='bbox 648 1541 693 1579; x_wconf 80' lang='lat' dir='ltr'>G.</span> <span class='ocrx_word' id='word_1_200' title='bbox 721 1541 959 1589; x_wconf 80' lang='lat' dir='ltr'>Landgraf³)</span> <span class='ocrx_word' id='word_1_201' title='bbox 996 1542 1043 1580; x_wconf 91' lang='lat' dir='ltr'>de</span> <span class='ocrx_word' id='word_1_202' title='bbox 1078 1542 1185 1581; x_wconf 89' lang='lat' dir='ltr'>bello</span> <span class='ocrx_word' id='word_1_203' title='bbox 1212 1542 1484 1590; x_wconf 86' lang='lat' dir='ltr'>Alexandrino</span> <span class='ocrx_word' id='word_1_204' title='bbox 1517 1543 1582 1581; x_wconf 87' lang='lat' dir='ltr'>vel</span> <span class='ocrx_word' id='word_1_205' title='bbox 1617 1545 1767 1591; x_wconf 35' lang='lat' dir='ltr'>potius»</span> 
     </span>
     <span class='ocr_line' id='line_1_23' title="bbox 147 1599 1749 1648; baseline 0.001 -11"><span class='ocrx_word' id='word_1_206' title='bbox 147 1599 194 1637; x_wconf 92' lang='lat' dir='ltr'>de</span> <span class='ocrx_word' id='word_1_207' title='bbox 220 1601 304 1638; x_wconf 90' lang='lat' dir='ltr'>eius</span> <span class='ocrx_word' id='word_1_208' title='bbox 332 1600 528 1648; x_wconf 87' lang='lat' dir='ltr'>capitibus</span> <span class='ocrx_word' id='word_1_209' title='bbox 555 1602 698 1637; x_wconf 79' lang='lat'>48—64</span> <span class='ocrx_word' id='word_1_210' title='bbox 725 1603 763 1637; x_wconf 90' lang='lat' dir='ltr'>et</span> <span class='ocrx_word' id='word_1_211' title='bbox 790 1599 836 1637; x_wconf 80' lang='lat' dir='ltr'>G.</span> <span class='ocrx_word' id='word_1_212' title='bbox 864 1599 963 1638; x_wconf 85' lang='lat' dir='ltr'>Caro</span> <span class='ocrx_word' id='word_1_213' title='bbox 974 1599 1006 1645; x_wconf 75' lang='grc'>4)</span> <span class='ocrx_word' id='word_1_214' title='bbox 1044 1599 1275 1639; x_wconf 85' lang='lat' dir='ltr'>Woelfflini</span> <span class='ocrx_word' id='word_1_215' title='bbox 1309 1600 1528 1648; x_wconf 90' lang='lat' dir='ltr'>discipulus</span> <span class='ocrx_word' id='word_1_216' title='bbox 1563 1600 1610 1638; x_wconf 90' lang='lat' dir='ltr'>de</span> <span class='ocrx_word' id='word_1_217' title='bbox 1644 1600 1749 1639; x_wconf 91' lang='lat' dir='ltr'>bello</span> 
     </span>
     <span class='ocr_line' id='line_1_24' title="bbox 145 1657 415 1705; baseline 0 -11"><span class='ocrx_word' id='word_1_218' title='bbox 145 1657 415 1705; x_wconf 90' lang='lat' dir='ltr'>Hispaniensi.</span> 
     </span>
    </p>

    <p class='ocr_par' dir='ltr' id='par_1_7' title="bbox 143 1712 1753 2224">
     <span class='ocr_line' id='line_1_25' title="bbox 262 1712 1749 1762; baseline -0.001 -9"><span class='ocrx_word' id='word_1_219' title='bbox 262 1714 509 1753; x_wconf 83' lang='lat' dir='ltr'>Oontradicit</span> <span class='ocrx_word' id='word_1_220' title='bbox 541 1725 645 1751; x_wconf 91' lang='lat' dir='ltr'>unus</span> <span class='ocrx_word' id='word_1_221' title='bbox 677 1712 889 1751; x_wconf 87' lang='lat' dir='ltr'>Woelfflin</span> <span class='ocrx_word' id='word_1_222' title='bbox 929 1714 969 1751; x_wconf 93' lang='lat' dir='ltr'>in</span> <span class='ocrx_word' id='word_1_223' title='bbox 1009 1712 1193 1752; x_wconf 88' lang='lat' dir='ltr'>editionis</span> <span class='ocrx_word' id='word_1_224' title='bbox 1234 1725 1329 1752; x_wconf 87' lang='lat' dir='ltr'>suae</span> <span class='ocrx_word' id='word_1_225' title='bbox 1363 1714 1481 1762; x_wconf 87' lang='lat' dir='ltr'>praef.</span> <span class='ocrx_word' id='word_1_226' title='bbox 1520 1727 1557 1762; x_wconf 91' lang='lat' dir='ltr'>p.</span> <span class='ocrx_word' id='word_1_227' title='bbox 1592 1713 1670 1752; x_wconf 92' lang='lat' dir='ltr'>XV</span> <span class='ocrx_word' id='word_1_228' title='bbox 1708 1714 1749 1753; x_wconf 92' lang='lat' dir='ltr'>in</span> 
     </span>
     <span class='ocr_line' id='line_1_26' title="bbox 146 1767 1753 1819; baseline -0.001 -9"><span class='ocrx_word' id='word_1_229' title='bbox 146 1772 253 1811; x_wconf 88' lang='lat' dir='ltr'>bello</span> <span class='ocrx_word' id='word_1_230' title='bbox 281 1773 414 1810; x_wconf 83' lang='lat' dir='ltr'>Africo</span> <span class='ocrx_word' id='word_1_231' title='bbox 451 1772 624 1811; x_wconf 90' lang='lat' dir='ltr'>codicem</span> <span class='ocrx_word' id='word_1_232' title='bbox 659 1770 893 1808; x_wconf 90' lang='lat' dir='ltr'>Leidensem</span> <span class='ocrx_word' id='word_1_233' title='bbox 927 1783 1008 1809; x_wconf 91' lang='lat' dir='ltr'>non</span> <span class='ocrx_word' id='word_1_234' title='bbox 1042 1771 1159 1809; x_wconf 91' lang='lat' dir='ltr'>modo</span> <span class='ocrx_word' id='word_1_235' title='bbox 1195 1783 1276 1809; x_wconf 87' lang='lat' dir='ltr'>non</span> <span class='ocrx_word' id='word_1_236' title='bbox 1312 1767 1552 1819; x_wconf 80' lang='lat' dir='ltr'>descriptum</span> <span class='ocrx_word' id='word_1_237' title='bbox 1584 1784 1668 1809; x_wconf 90' lang='lat' dir='ltr'>esse</span> <span class='ocrx_word' id='word_1_238' title='bbox 1706 1784 1753 1809; x_wconf 86' lang='lat' dir='ltr'>ex</span> 
     </span>
     <span class='ocr_line' id='line_1_27' title="bbox 146 1828 1752 1877; baseline 0 -11"><span class='ocrx_word' id='word_1_239' title='bbox 146 1829 350 1874; x_wconf 87' lang='lat' dir='ltr'>Thuaneo,</span> <span class='ocrx_word' id='word_1_240' title='bbox 378 1829 447 1868; x_wconf 86' lang='lat' dir='ltr'>sed</span> <span class='ocrx_word' id='word_1_241' title='bbox 473 1831 590 1867; x_wconf 89' lang='lat' dir='ltr'>etiam</span> <span class='ocrx_word' id='word_1_242' title='bbox 619 1830 751 1877; x_wconf 90' lang='lat' dir='ltr'>ipsum</span> <span class='ocrx_word' id='word_1_243' title='bbox 778 1840 858 1866; x_wconf 93' lang='lat' dir='ltr'>non</span> <span class='ocrx_word' id='word_1_244' title='bbox 884 1829 1017 1865; x_wconf 87' lang='lat' dir='ltr'>minus</span> <span class='ocrx_word' id='word_1_245' title='bbox 1045 1840 1162 1875; x_wconf 85' lang='lat' dir='ltr'>quam</span> <span class='ocrx_word' id='word_1_246' title='bbox 1182 1832 1329 1866; x_wconf 88' lang='lat' dir='ltr'>ceteros</span> <span class='ocrx_word' id='word_1_247' title='bbox 1349 1828 1500 1866; x_wconf 88' lang='lat' dir='ltr'>codices</span> <span class='ocrx_word' id='word_1_248' title='bbox 1520 1830 1752 1867; x_wconf 86' lang='lat' dir='ltr'>auctoritate</span> 
     </span>
     <span class='ocr_line' id='line_1_28' title="bbox 145 1885 1750 1935; baseline -0.001 -9"><span class='ocrx_word' id='word_1_249' title='bbox 145 1889 310 1926; x_wconf 83' lang='lat' dir='ltr'>vincere.</span> <span class='ocrx_word' id='word_1_250' title='bbox 363 1887 441 1925; x_wconf 82' lang='lat' dir='ltr'>Sed</span> <span class='ocrx_word' id='word_1_251' title='bbox 469 1888 658 1935; x_wconf 89' lang='lat' dir='ltr'>quoniam</span> <span class='ocrx_word' id='word_1_252' title='bbox 694 1898 774 1924; x_wconf 93' lang='lat' dir='ltr'>non</span> <span class='ocrx_word' id='word_1_253' title='bbox 805 1886 898 1923; x_wconf 91' lang='lat' dir='ltr'>licet</span> <span class='ocrx_word' id='word_1_254' title='bbox 929 1885 1065 1923; x_wconf 83' lang='lat' dir='ltr'>afferre</span> <span class='ocrx_word' id='word_1_255' title='bbox 1100 1885 1325 1935; x_wconf 86' lang='lat' dir='ltr'>exemplum</span> <span class='ocrx_word' id='word_1_256' title='bbox 1351 1886 1568 1931; x_wconf 82' lang='lat' dir='ltr'>Ursiniani,</span> <span class='ocrx_word' id='word_1_257' title='bbox 1604 1888 1750 1935; x_wconf 90' lang='lat' dir='ltr'>quippe</span> 
     </span>
     <span class='ocr_line' id='line_1_29' title="bbox 147 1943 1751 1993; baseline 0 -11"><span class='ocrx_word' id='word_1_258' title='bbox 147 1946 214 1993; x_wconf 91' lang='lat' dir='ltr'>qui</span> <span class='ocrx_word' id='word_1_259' title='bbox 240 1947 282 1982; x_wconf 92' lang='lat' dir='ltr'>in</span> <span class='ocrx_word' id='word_1_260' title='bbox 310 1946 495 1984; x_wconf 89' lang='lat' dir='ltr'>omnibus</span> <span class='ocrx_word' id='word_1_261' title='bbox 521 1947 674 1992; x_wconf 85' lang='lat' dir='ltr'>praeter</span> <span class='ocrx_word' id='word_1_262' title='bbox 700 1945 735 1982; x_wconf 92' lang='lat' dir='ltr'>b.</span> <span class='ocrx_word' id='word_1_263' title='bbox 767 1943 811 1981; x_wconf 83' lang='lat' dir='ltr'>G.</span> <span class='ocrx_word' id='word_1_264' title='bbox 839 1944 1133 1982; x_wconf 89' lang='lat' dir='ltr'>commentariis</span> <span class='ocrx_word' id='word_1_265' title='bbox 1160 1955 1183 1980; x_wconf 85' lang='lat' dir='ltr'>a</span> <span class='ocrx_word' id='word_1_266' title='bbox 1200 1943 1390 1982; x_wconf 89' lang='lat' dir='ltr'>Thuaneo</span> <span class='ocrx_word' id='word_1_267' title='bbox 1418 1943 1605 1988; x_wconf 81' lang='lat' dir='ltr'>discedat,</span> <span class='ocrx_word' id='word_1_268' title='bbox 1633 1956 1751 1991; x_wconf 89' lang='lat' dir='ltr'>quam</span> 
     </span>
     <span class='ocr_line' id='line_1_30' title="bbox 146 2000 1750 2048; baseline -0.001 -7"><span class='ocrx_word' id='word_1_269' title='bbox 146 2004 440 2041; x_wconf 87' lang='lat' dir='ltr'>accuratissime</span> <span class='ocrx_word' id='word_1_270' title='bbox 486 2004 527 2040; x_wconf 92' lang='lat' dir='ltr'>in</span> <span class='ocrx_word' id='word_1_271' title='bbox 565 2014 605 2039; x_wconf 92' lang='lat' dir='ltr'>re</span> <span class='ocrx_word' id='word_1_272' title='bbox 643 2005 725 2039; x_wconf 90' lang='lat' dir='ltr'>tam</span> <span class='ocrx_word' id='word_1_273' title='bbox 763 2002 862 2039; x_wconf 88' lang='lat' dir='ltr'>mira</span> <span class='ocrx_word' id='word_1_274' title='bbox 901 2002 1173 2048; x_wconf 89' lang='lat' dir='ltr'>quaestionem</span> <span class='ocrx_word' id='word_1_275' title='bbox 1213 2000 1448 2039; x_wconf 91' lang='lat' dir='ltr'>instituendi</span> <span class='ocrx_word' id='word_1_276' title='bbox 1485 2013 1641 2039; x_wconf 89' lang='lat' dir='ltr'>summa</span> <span class='ocrx_word' id='word_1_277' title='bbox 1690 2006 1750 2040; x_wconf 89' lang='lat' dir='ltr'>est</span> 
     </span>
     <span class='ocr_line' id='line_1_31' title="bbox 144 2058 1751 2106; baseline -0.001 -9"><span class='ocrx_word' id='word_1_278' title='bbox 144 2063 370 2099; x_wconf 87' lang='lat' dir='ltr'>necessitas.</span> <span class='ocrx_word' id='word_1_279' title='bbox 423 2060 709 2098; x_wconf 87' lang='lat' dir='ltr'>Examinemus</span> <span class='ocrx_word' id='word_1_280' title='bbox 736 2060 856 2104; x_wconf 85' lang='lat' dir='ltr'>igitur</span> <span class='ocrx_word' id='word_1_281' title='bbox 880 2059 1052 2105; x_wconf 89' lang='lat' dir='ltr'>primum</span> <span class='ocrx_word' id='word_1_282' title='bbox 1078 2070 1145 2096; x_wconf 88' lang='lat' dir='ltr'>eos</span> <span class='ocrx_word' id='word_1_283' title='bbox 1171 2058 1293 2103; x_wconf 87' lang='lat' dir='ltr'>locos,</span> <span class='ocrx_word' id='word_1_284' title='bbox 1330 2059 1475 2106; x_wconf 85' lang='lat' dir='ltr'>quibus</span> <span class='ocrx_word' id='word_1_285' title='bbox 1491 2060 1751 2106; x_wconf 82' lang='lat' dir='ltr'>&#39;comprobari</span> 
     </span>
     <span class='ocr_line' id='line_1_32' title="bbox 143 2115 1749 2165; baseline -0.001 -9"><span class='ocrx_word' id='word_1_286' title='bbox 143 2118 298 2157; x_wconf 88' lang='lat' dir='ltr'>videtur</span> <span class='ocrx_word' id='word_1_287' title='bbox 330 2117 503 2156; x_wconf 88' lang='lat' dir='ltr'>codicem</span> <span class='ocrx_word' id='word_1_288' title='bbox 530 2116 764 2155; x_wconf 89' lang='lat' dir='ltr'>Leidensem</span> <span class='ocrx_word' id='word_1_289' title='bbox 800 2115 1040 2163; x_wconf 89' lang='lat' dir='ltr'>descriptum</span> <span class='ocrx_word' id='word_1_290' title='bbox 1074 2128 1161 2154; x_wconf 90' lang='lat' dir='ltr'>esse</span> <span class='ocrx_word' id='word_1_291' title='bbox 1195 2127 1244 2154; x_wconf 85' lang='lat' dir='ltr'>ex</span> <span class='ocrx_word' id='word_1_292' title='bbox 1278 2115 1478 2155; x_wconf 88' lang='lat' dir='ltr'>Thuaneo.</span> <span class='ocrx_word' id='word_1_293' title='bbox 1544 2116 1577 2153; x_wconf 87' lang='grc' dir='ltr'>Ε</span> <span class='ocrx_word' id='word_1_294' title='bbox 1604 2117 1749 2165; x_wconf 89' lang='lat' dir='ltr'>quibus</span> 
     </span>
     <span class='ocr_line' id='line_1_33' title="bbox 143 2172 1748 2224; baseline -0.001 -10"><span class='ocrx_word' id='word_1_295' title='bbox 143 2188 383 2224; x_wconf 87' lang='lat' dir='ltr'>quamquam</span> <span class='ocrx_word' id='word_1_296' title='bbox 408 2177 582 2214; x_wconf 85' lang='lat' dir='ltr'>maxime</span> <span class='ocrx_word' id='word_1_297' title='bbox 608 2177 643 2213; x_wconf 90' lang='lat' dir='ltr'>ei</span> <span class='ocrx_word' id='word_1_298' title='bbox 669 2178 764 2213; x_wconf 89' lang='lat' dir='ltr'>sunt</span> <span class='ocrx_word' id='word_1_299' title='bbox 790 2172 1136 2217; x_wconf 88' lang='lat' dir='ltr'>commemorandi,</span> <span class='ocrx_word' id='word_1_300' title='bbox 1163 2174 1307 2221; x_wconf 93' lang='lat' dir='ltr'>quibus</span> <span class='ocrx_word' id='word_1_301' title='bbox 1333 2173 1521 2219; x_wconf 75' lang='lat' dir='ltr'>librarius</span> <span class='ocrx_word' id='word_1_302' title='bbox 1548 2174 1695 2213; x_wconf 90' lang='lat' dir='ltr'>codicis</span> <span class='ocrx_word' id='word_1_303' title='bbox 1715 2175 1748 2212; x_wconf 92' lang='lat' dir='ltr'>L</span> 
     </span>
    </p>
   </div>
   <div class='ocr_carea' id='block_1_5' title="bbox 143 2261 372 2268">
    <p class='ocr_par' dir='ltr' id='par_1_8' title="bbox 143 2261 372 2268">
     <span class='ocr_line' id='line_1_34' title="bbox 143 2261 372 2268; baseline 0 0"><span class='ocrx_word' id='word_1_304' title='bbox 143 2261 372 2268; x_wconf 95' lang='lat' dir='ltr'> </span> 
     </span>
    </p>
   </div>
   <div class='ocr_carea' id='block_1_6' title="bbox 139 2317 1747 2626">
    <p class='ocr_par' dir='ltr' id='par_1_9' title="bbox 260 2317 729 2356">
     <span class='ocr_line' id='line_1_35' title="bbox 260 2317 729 2356; baseline -0.006 -6"><span class='ocrx_word' id='word_1_305' title='bbox 260 2317 285 2355; x_wconf 86' lang='grc'>1)</span> <span class='ocrx_word' id='word_1_306' title='bbox 307 2317 357 2350; x_wconf 85' lang='lat' dir='ltr'>cf.</span> <span class='ocrx_word' id='word_1_307' title='bbox 377 2317 505 2350; x_wconf 87' lang='lat' dir='ltr'>Meusel</span> <span class='ocrx_word' id='word_1_308' title='bbox 525 2317 546 2350; x_wconf 90' lang='lat'>1.</span> <span class='ocrx_word' id='word_1_309' title='bbox 567 2317 589 2349; x_wconf 95' lang='grc'>1.</span> <span class='ocrx_word' id='word_1_310' title='bbox 609 2326 640 2356; x_wconf 88' lang='lat' dir='ltr'>p.</span> <span class='ocrx_word' id='word_1_311' title='bbox 663 2318 729 2348; x_wconf 82' lang='lat'>177.</span> 
     </span>
    </p>

    <p class='ocr_par' dir='ltr' id='par_1_10' title="bbox 259 2371 1747 2415">
     <span class='ocr_line' id='line_1_36' title="bbox 259 2371 1747 2415; baseline 0 -7"><span class='ocrx_word' id='word_1_312' title='bbox 259 2375 282 2414; x_wconf 74' lang='lat'>⁹)</span> <span class='ocrx_word' id='word_1_313' title='bbox 304 2375 521 2415; x_wconf 85' lang='lat' dir='ltr'>Quaestiones</span> <span class='ocrx_word' id='word_1_314' title='bbox 542 2375 675 2407; x_wconf 86' lang='lat' dir='ltr'>criticae</span> <span class='ocrx_word' id='word_1_315' title='bbox 695 2374 736 2406; x_wconf 86' lang='lat' dir='ltr'>de</span> <span class='ocrx_word' id='word_1_316' title='bbox 750 2383 827 2406; x_wconf 83' lang='lat' dir='ltr'>vera</span> <span class='ocrx_word' id='word_1_317' title='bbox 848 2373 1101 2406; x_wconf 83' lang='lat' dir='ltr'>commentarios</span> <span class='ocrx_word' id='word_1_318' title='bbox 1121 2371 1162 2405; x_wconf 88' lang='lat' dir='ltr'>de</span> <span class='ocrx_word' id='word_1_319' title='bbox 1181 2373 1211 2405; x_wconf 90' lang='lat' dir='ltr'>b.</span> <span class='ocrx_word' id='word_1_320' title='bbox 1226 2371 1289 2405; x_wconf 82' lang='lat' dir='ltr'>civ.</span> <span class='ocrx_word' id='word_1_321' title='bbox 1311 2375 1372 2406; x_wconf 87' lang='lat' dir='ltr'>etc.</span> <span class='ocrx_word' id='word_1_322' title='bbox 1392 2372 1590 2406; x_wconf 86' lang='lat' dir='ltr'>emendandi</span> <span class='ocrx_word' id='word_1_323' title='bbox 1611 2375 1747 2408; x_wconf 84' lang='lat' dir='ltr'>ratione.</span> 
     </span>
    </p>

    <p class='ocr_par' dir='ltr' id='par_1_11' title="bbox 256 2428 1641 2473">
     <span class='ocr_line' id='line_1_37' title="bbox 256 2428 1641 2473; baseline -0.001 -7"><span class='ocrx_word' id='word_1_324' title='bbox 256 2434 279 2472; x_wconf 82' lang='lat'>⁸)</span> <span class='ocrx_word' id='word_1_325' title='bbox 301 2433 457 2472; x_wconf 82' lang='lat' dir='ltr'>„Bericht</span> <span class='ocrx_word' id='word_1_326' title='bbox 476 2433 536 2466; x_wconf 89' lang='lat' dir='ltr'>des</span> <span class='ocrx_word' id='word_1_327' title='bbox 556 2431 695 2465; x_wconf 88' lang='lat' dir='ltr'>Asinius</span> <span class='ocrx_word' id='word_1_328' title='bbox 715 2431 821 2463; x_wconf 90' lang='lat' dir='ltr'>Pollio</span> <span class='ocrx_word' id='word_1_329' title='bbox 841 2431 924 2473; x_wconf 79' lang='lat' dir='ltr'>iiber</span> <span class='ocrx_word' id='word_1_330' title='bbox 943 2430 998 2463; x_wconf 89' lang='lat' dir='ltr'>die</span> <span class='ocrx_word' id='word_1_331' title='bbox 1012 2430 1210 2470; x_wconf 81' lang='lat' dir='ltr'>spanischen</span> <span class='ocrx_word' id='word_1_332' title='bbox 1232 2428 1420 2470; x_wconf 70' lang='lat' dir='ltr'>Umuhen“‚</span> <span class='ocrx_word' id='word_1_333' title='bbox 1440 2431 1540 2470; x_wconf 82' lang='lat' dir='ltr'>praef.</span> <span class='ocrx_word' id='word_1_334' title='bbox 1561 2440 1593 2470; x_wconf 86' lang='lat' dir='ltr'>p.</span> <span class='ocrx_word' id='word_1_335' title='bbox 1614 2434 1641 2464; x_wconf 91' lang='lat'>7.</span> 
     </span>
    </p>

    <p class='ocr_par' dir='ltr' id='par_1_12' title="bbox 139 2489 1745 2626">
     <span class='ocr_line' id='line_1_38' title="bbox 256 2489 1745 2532; baseline -0.001 -8"><span class='ocrx_word' id='word_1_336' title='bbox 256 2492 279 2529; x_wconf 81' lang='lat'>⁴)</span> <span class='ocrx_word' id='word_1_337' title='bbox 302 2491 604 2524; x_wconf 83' lang='lat' dir='ltr'>Commentationes</span> <span class='ocrx_word' id='word_1_338' title='bbox 624 2489 842 2532; x_wconf 83' lang='lat' dir='ltr'>philologicae</span> <span class='ocrx_word' id='word_1_339' title='bbox 862 2489 1039 2522; x_wconf 86' lang='lat' dir='ltr'>conventui</span> <span class='ocrx_word' id='word_1_340' title='bbox 1059 2489 1302 2530; x_wconf 78' lang='lat' dir='ltr'>philologornm</span> <span class='ocrx_word' id='word_1_341' title='bbox 1322 2499 1341 2520; x_wconf 88' lang='lat' dir='ltr'>a</span> <span class='ocrx_word' id='word_1_342' title='bbox 1355 2489 1532 2521; x_wconf 87' lang='lat' dir='ltr'>seminario</span> <span class='ocrx_word' id='word_1_343' title='bbox 1547 2489 1745 2528; x_wconf 85' lang='lat' dir='ltr'>philologico</span> 
     </span>
     <span class='ocr_line' id='line_1_39' title="bbox 140 2536 1745 2577; baseline -0.001 -6"><span class='ocrx_word' id='word_1_344' title='bbox 140 2538 332 2571; x_wconf 82' lang='lat' dir='ltr'>Monacensi</span> <span class='ocrx_word' id='word_1_345' title='bbox 353 2538 510 2577; x_wconf 84' lang='lat' dir='ltr'>oblatae“,</span> <span class='ocrx_word' id='word_1_346' title='bbox 537 2548 569 2577; x_wconf 83' lang='lat' dir='ltr'>p.</span> <span class='ocrx_word' id='word_1_347' title='bbox 591 2541 655 2570; x_wconf 83' lang='lat'>190.</span> <span class='ocrx_word' id='word_1_348' title='bbox 704 2537 767 2570; x_wconf 86' lang='lat' dir='ltr'>Sed</span> <span class='ocrx_word' id='word_1_349' title='bbox 789 2537 843 2569; x_wconf 90' lang='lat' dir='ltr'>hic</span> <span class='ocrx_word' id='word_1_350' title='bbox 869 2537 951 2569; x_wconf 86' lang='lat' dir='ltr'>mire</span> <span class='ocrx_word' id='word_1_351' title='bbox 979 2537 1060 2568; x_wconf 86' lang='lat' dir='ltr'>dicit</span> <span class='ocrx_word' id='word_1_352' title='bbox 1080 2536 1278 2569; x_wconf 86' lang='lat' dir='ltr'>Meuselium</span> <span class='ocrx_word' id='word_1_353' title='bbox 1307 2536 1349 2568; x_wconf 86' lang='lat' dir='ltr'>de</span> <span class='ocrx_word' id='word_1_354' title='bbox 1368 2536 1455 2568; x_wconf 85' lang='lat' dir='ltr'>bello</span> <span class='ocrx_word' id='word_1_355' title='bbox 1476 2536 1613 2575; x_wconf 76' lang='lat' dir='ltr'>Gallico,</span> <span class='ocrx_word' id='word_1_356' title='bbox 1645 2537 1745 2577; x_wconf 87' lang='lat' dir='ltr'>civili,</span> 
     </span>
     <span class='ocr_line' id='line_1_40' title="bbox 139 2583 1745 2626; baseline -0.001 -7"><span class='ocrx_word' id='word_1_357' title='bbox 139 2587 376 2625; x_wconf 83' lang='lat' dir='ltr'>Alexandrino,</span> <span class='ocrx_word' id='word_1_358' title='bbox 398 2586 556 2619; x_wconf 86' lang='lat' dir='ltr'>Africano</span> <span class='ocrx_word' id='word_1_359' title='bbox 576 2586 740 2619; x_wconf 85' lang='lat' dir='ltr'>decidisse</span> <span class='ocrx_word' id='word_1_360' title='bbox 759 2595 821 2618; x_wconf 88' lang='lat' dir='ltr'>nec</span> <span class='ocrx_word' id='word_1_361' title='bbox 842 2585 954 2618; x_wconf 90' lang='lat' dir='ltr'>minus</span> <span class='ocrx_word' id='word_1_362' title='bbox 974 2585 1056 2618; x_wconf 91' lang='lat' dir='ltr'>mire</span> <span class='ocrx_word' id='word_1_363' title='bbox 1075 2596 1094 2617; x_wconf 89' lang='lat' dir='ltr'>a</span> <span class='ocrx_word' id='word_1_364' title='bbox 1109 2585 1284 2617; x_wconf 86' lang='lat' dir='ltr'>Duebnero</span> <span class='ocrx_word' id='word_1_365' title='bbox 1304 2584 1451 2616; x_wconf 88' lang='lat' dir='ltr'>codicem</span> <span class='ocrx_word' id='word_1_366' title='bbox 1472 2583 1500 2615; x_wconf 94' lang='lat' dir='ltr'>L</span> <span class='ocrx_word' id='word_1_367' title='bbox 1519 2583 1627 2626; x_wconf 85' lang='lat' dir='ltr'>pluris</span> <span class='ocrx_word' id='word_1_368' title='bbox 1647 2585 1745 2618; x_wconf 82' lang='lat' dir='ltr'>aesti-</span> 
     </span>
    </p>
   </div>
   <div class='ocr_carea' id='block_1_7' title="bbox 137 2630 1745 2721">
    <p class='ocr_par' dir='ltr' id='par_1_13' title="bbox 137 2630 1745 2721">
     <span class='ocr_line' id='line_1_41' title="bbox 138 2630 1745 2673; baseline -0.001 -6"><span class='ocrx_word' id='word_1_369' title='bbox 138 2638 266 2667; x_wconf 88' lang='lat' dir='ltr'>matum</span> <span class='ocrx_word' id='word_1_370' title='bbox 286 2644 359 2667; x_wconf 88' lang='lat' dir='ltr'>esse</span> <span class='ocrx_word' id='word_1_371' title='bbox 378 2637 620 2673; x_wconf 85' lang='lat' dir='ltr'>commemorat,</span> <span class='ocrx_word' id='word_1_372' title='bbox 640 2633 860 2667; x_wconf 86' lang='lat' dir='ltr'>aWoeffflino</span> <span class='ocrx_word' id='word_1_373' title='bbox 879 2635 975 2671; x_wconf 71' lang='lat' dir='ltr'>tacet,</span> <span class='ocrx_word' id='word_1_374' title='bbox 996 2634 1127 2672; x_wconf 83' lang='lat' dir='ltr'>eulpam</span> <span class='ocrx_word' id='word_1_375' title='bbox 1147 2642 1226 2665; x_wconf 84' lang='lat' dir='ltr'>vero</span> <span class='ocrx_word' id='word_1_376' title='bbox 1246 2634 1284 2664; x_wconf 84' lang='lat' dir='ltr'>ut</span> <span class='ocrx_word' id='word_1_377' title='bbox 1321 2631 1393 2671; x_wconf 88' lang='lat' dir='ltr'>ipse</span> <span class='ocrx_word' id='word_1_378' title='bbox 1412 2630 1570 2668; x_wconf 84' lang='lat' dir='ltr'>magister</span> <span class='ocrx_word' id='word_1_379' title='bbox 1598 2632 1652 2669; x_wconf 85' lang='lat' dir='ltr'>(cf.</span> <span class='ocrx_word' id='word_1_380' title='bbox 1664 2636 1745 2672; x_wconf 75' lang='lat' dir='ltr'>p.46</span> 
     </span>
     <span class='ocr_line' id='line_1_42' title="bbox 137 2681 893 2721; baseline 0 -8"><span class='ocrx_word' id='word_1_381' title='bbox 137 2682 213 2714; x_wconf 82' lang='lat' dir='ltr'>adn.</span> <span class='ocrx_word' id='word_1_382' title='bbox 234 2684 265 2720; x_wconf 83' lang='lat'>2)</span> <span class='ocrx_word' id='word_1_383' title='bbox 285 2683 344 2714; x_wconf 88' lang='lat' dir='ltr'>uni</span> <span class='ocrx_word' id='word_1_384' title='bbox 363 2682 566 2721; x_wconf 86' lang='lat' dir='ltr'>Nipperdeio</span> <span class='ocrx_word' id='word_1_385' title='bbox 586 2682 718 2713; x_wconf 85' lang='lat' dir='ltr'>videtur</span> <span class='ocrx_word' id='word_1_386' title='bbox 737 2681 893 2716; x_wconf 82' lang='lat' dir='ltr'>tribuere.</span> 
     </span>
    </p>
   </div>
   <div class='ocr_carea' id='block_1_8' title="bbox 1858 0 1919 3029">
    <p class='ocr_par' dir='ltr' id='par_1_14' title="bbox 1858 0 1919 3029">
     <span class='ocr_line' id='line_1_43' title="bbox 1858 0 1919 3029; baseline 0 0"><span class='ocrx_word' id='word_1_387' title='bbox 1858 0 1919 3029; x_wconf 95' lang='lat' dir='ltr'> </span> 
     </span>
    </p>
   </div>
  </div>
 </body>
</html>
