1919 3029
195 251 545 315 smmi&
558 271 665 301 oum
682 251 872 309 refutare
885 260 1070 315 ΡοιέὶεῙλ
1132 261 1312 301 Primum
1344 265 1479 300 tamen
1512 263 1555 299 in
1587 272 1757 309 quaque>

233 363 238 367 ,
254 312 319 371 fn}
325 321 422 374 ΡΜ·
429 325 459 366 ρ’
465 313 633 363 tradita,
662 322 814 367 nonne
819 324 868 356 ex'
888 318 1116 356 'coniectura
1137 320 1312 367 potuerit
1337 319 1441 363 oriri,
1473 317 1740 367 quaerendum

22 347 104 409 '‘1²31-
148 360 360 434 asinoque
383 374 490 424 pluet,
509 383 634 426 quam
659 374 922 423 necessarium
956 378 1026 419 est,
1058 377 1194 422 ignoto
1228 375 1290 414 illi
1322 375 1449 415 codici
1477 375 1740 415 tribuendum.

245 430 388 486 Quae
397 443 487 471 cum
513 433 573 473 ita
594 432 688 478 sint,
722 433 917 480 imprimis
942 432 1043 470 tales
1066 431 1144 471 loci
1168 433 1279 471 haud
1303 432 1418 472 facile
1442 437 1612 480 possunt
1637 431 1740 470 diiu-

43 473 57 503 ’ἶ
103 479 111 530 ”.
136 479 283 536 dicari,
304 482 455 539 quibus
481 500 538 533 ea,
572 500 672 537 quae
695 501 766 537 per
790 503 808 536 ρ
832 489 1053 537 traduntur,
1078 502 1147 538 per
1172 502 1214 528 se
1238 489 1475 539 probabilia,
1508 491 1550 527 in
1576 488 1742 528 dubium

108 588 114 589 ι
147 545 339 603 vocantur
361 547 437 586 Aa
462 539 787 594 discrepantibus

117 646 120 647 ⁷
191 618 228 637 x
260 595 406 663 Velut,
419 607 465 642 ut
487 603 564 641 hoc
589 602 811 647 afferamus,
839 607 920 647 118,
945 607 965 642 ’1
992 604 1250 651 praeferenda
1270 609 1330 642 est
1355 603 1582 643 Woelfflini
1607 615 1739 640 emen·

100 696 103 698 .
147 661 256 699 datio
289 671 366 695 cum
398 661 439 695 de
466 671 555 704 p.⁴r.
589 660 751 698 lectioni
775 673 793 706 ρ
823 671 860 704 p.
886 671 914 697 r.
941 661 1049 705 φακὴ
1079 664 1138 703 26,
1163 664 1185 699 8
1211 664 1359 702 contra,
1397 660 1504 709 quod
1537 660 1699 708 praebet
1723 673 1741 706 ρ

147 719 300 761 conatur,
326 718 401 756 etsi
425 716 593 760 librario,
613 716 744 757 deberi
769 717 983 756 verisimile
1009 722 1079 763 est,
1112 723 1246 757 tamen>
1269 720 1396 766 magis
1430 717 1586 760 arridet,
1620 728 1739 765 quam

147 774 361 823 Nipperdei
384 786 455 810 non
479 777 635 810 moratur
659 778 741 818 (mm
766 778 911 810 conatur
936 775 972 811 A
986 775 1133 818 D’Bn).

260 830 532 870 Difficillimus
565 836 626 869 est
657 830 769 870 locus
802 834 860 876 39,
887 834 921 875 7,
952 831 1023 870 ubi
1056 831 1207 870 codices
1249 833 1346 871 haec
1385 833 1594 881 praebent:
1629 842 1740 876 paene

53 874 58 877 Δ
107 921 109 925 ,
147 900 341 934 oppressam
385 889 546 933 fundibus
587 888 729 924 deletam
773 878 864 932 Απ;
905 901 940 933 p.
987 901 1014 924 o.
1050 890 1075 934 f.
1123 893 1155 924 et
1191 891 1332 926 deletam
1368 904 1403 937 ρ;
1445 902 1478 934 p.
1522 902 1551 925 ο.
1589 889 1614 933 f.
1653 888 1739 923 dele-

150 948 286 989 tumque
310 947 338 982 δ.
388 944 596 987 Woelfflin
624 957 659 989 p.
687 956 706 980 o
742 945 966 989 funditusque
996 946 1148 988 deletam,
1182 947 1286 993 quod
1312 948 1478 984 coniecit
1501 943 1739 993 Nipperdey,

147 1013 216 1050 per
240 1015 258 1049 ρ
275 1003 293 1037 δ
323 1000 506 1041 traditum
533 1013 619 1040 esse
643 1006 754 1040 ratus
781 1003 939 1051 scripsit
959 1002 1063 1047 plane
1087 1015 1279 1048 oppressam
1294 1003 1453 1050 funditus
1469 1002 1620 1039 debiant.
1662 1000 1740 1039 Sed

147 1061 189 1096 in
227 1059 301 1096 hac
337 1059 506 1097 lectione
544 1059 708 1097 offendit
746 1064 785 1097 et
824 1073 900 1097 vox
928 1060 1034 1104 plane
1044 1061 1087 1104 ²),
1125 1065 1163 1098 et
1199 1060 1419 1107 asyndeton
1452 1060 1667 1098 bimembre
1698 1060 1740 1095 in

150 1114 346 1153 adverbiis
385 1116 628 1159 adhibitum;
665 1118 871 1164 utriusque
909 1118 1014 1155 enim
1051 1116 1207 1155 nullum
1254 1119 1295 1154 in
1332 1117 1408 1155 hoc
1457 1116 1738 1155 commentario

149 1172 294 1220 legitur
319 1172 597 1221 exemplum.³)
648 1172 736 1218 Qua
761 1173 809 1212 de
834 1186 953 1213 causa
978 1174 1143 1213 fortasse
1162 1176 1279 1213 etiam
1296 1174 1476 1213 hocloco
1496 1173 1610 1212 malit
1627 1174 1737 1221 quis—

148 1232 257 1278 piam
286 1234 355 1268 aut
378 1231 524 1269 codicis
542 1244 559 1277 ρ
585 1233 697 1278 sequi
715 1234 986 1269 auctoritatem
1007 1237 1075 1269 aut
1091 1234 1176 1279 ipse
1195 1232 1243 1269 ad
1263 1231 1551 1269 emendandum
1567 1229 1740 1276 aggredi,

149 1286 274 1330 velut,
290 1286 396 1335 quod
414 1289 542 1329 suasit
558 1287 601 1325 E.
621 1287 832 1333 Schwartz,
849 1289 1015 1327 scribere
1031 1297 1225 1333 oppressam
1241 1291 1273 1324 et
1284 1300 1394 1333 paene
1409 1288 1570 1333 funditus
1586 1287 1738 1323 deletam.

266 1348 321 1388 11,
347 1349 369 1382 4
395 1348 544 1389 occupat,
562 1345 667 1392 quod
692 1347 881 1392 praebent
906 1346 1052 1383 AeRh
1065 1360 1100 1388 π,
1125 1346 1232 1383 haud
1258 1349 1339 1383 scio
1366 1358 1417 1383 an
1442 1344 1738 1393 praeferendum

150 1403 214 1444 sit,
239 1412 476 1448 quamquam
504 1403 595 1438 oriri
619 1404 749 1449 potuit
773 1414 820 1440 ex
846 1402 1091 1450 praecedenti
1116 1402 1317 1446 coeperam.

264 1458 404 1496 Restat
438 1462 483 1496 ut
513 1458 560 1496 de
591 1461 647 1496 eis
681 1459 779 1498 locis
814 1472 1060 1508 quaeramus,
1098 1461 1243 1507 quibus
1278 1465 1346 1497 aut
1371 1460 1402 1496 P
1428 1462 1581 1507 pugnat
1605 1462 1740 1495 contra

150 1515 186 1552 V
204 1517 245 1553 M
259 1515 298 1552 U
311 1516 344 1552 F
358 1519 438 1553 *aut
455 1516 491 1552 V
517 1521 650 1553 contra
674 1516 707 1553 P
721 1516 763 1555 M
777 1516 816 1553 U
830 1518 862 1554 F
888 1522 957 1555 aut
982 1517 1024 1553 M
1050 1521 1187 1554 contra
1203 1516 1235 1553 P
1248 1516 1284 1552 V
1298 1516 1336 1553 U
1350 1516 1382 1553 F
1408 1520 1478 1553 aut
1498 1515 1532 1552 U
1547 1516 1578 1552 F
1604 1519 1740 1552 contra

150 1572 288 1609 PVM
327 1573 414 1614 (aut
445 1572 612 1620 denique
637 1572 685 1609 U‘
706 1577 745 1610 et
777 1574 810 1610 F
849 1573 998 1620 singuli
1035 1578 1173 1611 contra
1205 1577 1351 1611 ceteros
1384 1574 1549 1618 omnes).
1609 1571 1740 1618 Atque

151 1631 338 1677 quoniam
365 1631 406 1667 in
432 1630 494 1667 his
521 1642 676 1677 quoque
701 1642 769 1677 per
794 1632 832 1668 A
856 1642 917 1668 res
944 1630 1179 1668 diiudicetur
1205 1634 1369 1677 oportet,
1403 1631 1572 1676 primum
1605 1628 1651 1666 de
1683 1630 1739 1664 eis

149 1686 386 1724 lectionibus
405 1687 525 1724 verba
540 1682 750 1729 faciamus,
770 1688 913 1734 quibus
931 1688 970 1724 A
987 1689 1182 1725 consentit
1199 1699 1287 1724 cum
1305 1699 1384 1725 uno
1403 1686 1534 1723 codice
1551 1685 1690 1722 classis
1708 1685 1739 1730 β,

150 1745 266 1781 ceteri
292 1743 541 1796 dissentiunt.
594 1743 703 1788 Quae
728 1744 778 1781 ad
804 1756 924 1782 unam
947 1756 1085 1782 omnes
1112 1746 1167 1782 ita
1193 1747 1288 1781 sunt
1312 1742 1578 1791 explicandae,
1604 1745 1648 1779 ut
1671 1745 1742 1778 aut

150 1799 265 1838 lectio
290 1802 465 1848 genuina
490 1802 577 1854 sive
599 1814 690 1839 vera
715 1804 799 1840 sive
832 1802 934 1840 falsa
965 1801 1116 1850 aliquid
1149 1801 1291 1839 habeat
1319 1801 1547 1839 offensionis
1574 1798 1739 1846 ideoque

150 1860 192 1895 in
217 1858 423 1896 nonnullis
450 1859 468 1905 β
494 1856 547 1896 sit
571 1863 734 1902 mutata,
760 1864 828 1898 aut
853 1872 979 1897 errore
1004 1861 1045 1897 in
1071 1861 1089 1906 β
1116 1860 1325 1897 commisso
1360 1858 1543 1896 librarius
1579 1856 1739 1904 quidam

150 1927 298 1958 verum,
324 1915 429 1963 quod
456 1915 643 1953 traditum
670 1920 731 1954 est
755 1918 797 1954 in
824 1917 871 1960 A,
898 1918 1123 1954 coniectura
1147 1918 1349 1953 invenerit.

263 2048 286 2083 ¹)
307 2046 393 2078 Sane
413 2047 657 2078 concedendum
684 2050 734 2079 est
762 2047 823 2079 hac
841 2048 1038 2079 difficultate
1058 2057 1096 2079 ea
1114 2057 1252 2085 quoque,
1274 2057 1358 2085 quac
1375 2047 1415 2077 de
1433 2046 1554 2078 codicis
1570 2047 1597 2076 A
1616 2045 1742 2083 origine

150 2095 311 2132 supra'(p-
333 2096 371 2125 50
390 2092 453 2131 sq.)
474 2095 698 2132 exposuimus,
718 2095 830 2133 aliquo
850 2095 945 2127 modo
967 2094 1163 2127 labefactari·
1205 2095 1297 2134 Quod
1319 2098 1428 2126 tamen
1440 2093 1600 2125 Moelkem
1622 2092 1680 2131 qui
1700 2092 1741 2124 ab

151 2141 204 2173 his
224 2141 306 2173 locis
325 2141 460 2173 initium
480 2142 660 2180 quae-rendi
679 2142 776 2180 capit,
797 2142 966 2174 dimidiam
988 2142 1176 2174 traditionis
1196 2145 1321 2180 partem
1343 2154 1357 2182 ρ
1377 2141 1544 2173 continere
1563 2140 1741 2177 concludit,

150 2189 259 2220 adhuc
277 2193 343 2220 n'on
362 2198 497 2226 possum
518 2189 548 2220 ei
568 2189 730 2221 assemiri.

264 2235 329 2268 Res
349 2235 395 2268 ita
411 2245 458 2269 'se
483 2237 596 2269 habet:
625 2236 660 2269 Si
680 2248 699 2266 π
721 2249 736 2277 ρ
757 2236 1011 2275 conjunguntur,
1032 2238 1123 2275 {tunc
1148 2237 1183 2268 in
1205 2249 1218 2277 ρ
1245 2239 1370 2268 restant
1395 2235 1562 2267 lectiones.
1589 2244 1673 2273 quae
1699 2244 1742 2266 ex

150 2286 323 2316 stemmate
342 2284 502 2322 explicari
524 2284 578 2315 vix
604 2288 752 2322 possunt,
784 2284 835 2316 sin
857 2285 886 2315 A
902 2296 932 2321 π,
962 2287 1042 2316 tunc
1060 2284 1096 2315 in
1117 2286 1145 2315 A
1175 2285 1230 2322 (cf.
1249 2295 1280 2322 p.
1302 2284 1359 2320 51).
1407 2282 1476 2314 [am
1504 2292 1582 2315 vero
1609 2292 1685 2314 cum
1712 2285 1744 2314 et

150 2330 308 2363 familiam
341 2343 355 2372 ρ
386 2331 491 2363 multo
520 2331 671 2370 pluribus
702 2342 802 2370 quam
818 2333 859 2373 (A
888 2332 1084 2363 coniecturis
1115 2332 1273 2363 foedatam
1305 2341 1377 2362 esse
1410 2334 1548 2368 constet,
1578 2334 1612 2362 et
1640 2331 1744 2362 bonae

149 2377 307 2413 lectiones
327 2378 493 2416 gmviores
513 2379 581 2410 sint
600 2378 636 2409 in
655 2380 684 2409 A
706 2388 805 2416 quam
825 2380 861 2410 in
880 2379 1006 2410 familia
1025 2379 1179 2415 Romana,
1200 2382 1374 2415 antequam
1400 2377 1482 2409 certi
1511 2377 1636 2416 aliquid
1656 2387 1743 2409 com-

149 2427 279 2464 pertum
299 2425 468 2463 h‘abemus,
484 2425 612 2458 ‘codicis
631 2426 660 2456 A
680 2428 807 2464 partem
827 2425 922 2464 sequi
942 2429 1095 2464 praestat.
1136 2425 1220 2457 Aliis
1240 2434 1370 2463 quoque
1390 2434 1409 2457 c
1422 2424 1636 2457 «mmentariis
1663 2423 1744 2456 satis

138 2475 300 2505 'accurate
319 2472 447 2505 collatis
467 2472 557 2504 haud
577 2472 646 2504 scio
665 2482 708 2504 an
727 2472 847 2505 melius
866 2482 919 2505 res
938 2472 1162 2511 perspiciatur.

264 2522 287 2557 ')
307 2519 447 2552 Induxit
465 2519 635 2553 Woelfflin
654 2520 740 2553 hanc
758 2531 882 2560 vocem,
903 2520 981 2560 quia
1001 2523 1116 2559 quater
1134 2519 1253 2557 legitur
1273 2519 1307 2551 in
1327 2520 1474 2553 Polionis
1493 2521 1534 2553 ad
1553 2520 1743 2553 Ciceronem

150 2568 322 2607 epistulis;
343 2568 383 2600 cf.
405 2567 558 2600 editionis
577 2568 650 2599 eius
669 2569 762 2606 praet
789 2578 821 2606 p.
840 2568 956 2600 XXVI

263 2615 289 2653 ⁸)
311 2613 359 2648 cf.
380 2624 479 2654 supra
498 2625 529 2654 p.
551 2617 596 2647 64.

264 2664 288 2702 ⁴)
309 2663 352 2696 In
371 2666 519 2701 utroque,
551 2665 584 2695 et
603 2675 623 2693 π
643 2665 676 2695 et
697 2675 721 2704 ρ,
738 2663 928 2696 coniectura
953 2662 1082 2694 videtur
1101 2665 1232 2694 exstare
1254 2665 1318 2701 144,
1340 2666 1376 2695 12
1395 2665 1432 2694 ut
1451 2664 1499 2700 A;
1525 2672 1564 2694 (w
1582 2673 1624 2699 π,·
1644 2665 1672 2694 ec
1693 2664 1743 2703 ρδ.
