1919 3029
134 259 175 293 et
199 251 446 301 Miodonski‚
487 256 597 295 haud
629 268 716 295 raro
749 260 898 297 certare
931 269 1021 296 cum
1051 257 1263 298 Duebnero
1302 263 1341 298 et
1376 257 1580 299 lectiones
1750 295 1753 298 .

138 312 313 358 Parisini
373 325 397 351 a
458 313 671 353 Duebnero
733 318 914 353 enotatas
977 325 1133 364 easque,
1191 314 1292 370 quae
1351 309 1524 362 multum
1562 306 1760 365 valum

135 369 186 407 ad
234 370 445 409 Leidensis
496 372 689 418 originem
738 371 1067 419 cognoscendam,
1116 384 1199 411 non
1249 365 1376 412 semel
1433 375 1604 416 omissas
1628 373 1657 400 ’ἱ
1673 367 1683 377 ⁸

139 427 245 475 apud
279 426 562 466 Woelffhnum
570 428 613 474 ¹)
690 427 781 474 Qua
829 428 878 468 de
925 441 1045 468 causa
1102 442 1193 468 cum
1232 431 1405 479 primum
1460 430 1536 479 hos
1594 422 1759 479 c6di'casf

139 483 271 523 denuo
314 486 508 533 inspicere
552 489 760 533 oporteret,
801 491 941 534 postea
982 488 1101 525 etiam
1143 487 1250 532 aliis.
1288 491 1385 535 quot
1415 474 1531 535 potui
1546 482 1766 541 adipisci...
1780 506 1819 539 3

137 541 386 581 conferendis
410 553 569 591 operam
587 541 690 588 dedi,
716 544 759 581 in
786 555 864 591 qua
889 556 930 582 re
946 543 1226 588 liberalissime
1243 556 1306 583 me
1324 543 1479 584 adiuvit
1493 544 1542 583 R.
1559 541 1748 589 30113011-
1766 542 1769 545 ’

140 601 244 638 stein
279 601 481 646 magister,
528 601 588 637 cui
636 601 686 638 ob
731 600 836 638 hanc
866 613 953 640 rem
992 604 1161 649 gratiam
1198 602 1335 640 habeo<
1367 613 1486 650 quam
1520 604 1806 642 maximam..-³.

140 657 350 694 Praeterea
375 656 499 694 facere
517 669 599 694 non
615 668 794 705 possum,
821 660 916 706 quin
934 660 1083 706 gratias
1101 670 1217 707 agam
1243 663 1282 697 et
1298 660 1394 697 viris
1413 658 1553 704 doctis,
1581 669 1756 707 quorum.
1781 683 1784 686 -

138 715 421 753 benevolentia
446 714 683 753 collationes
708 727 863 754 mecum
888 720 985 754 sunt
1010 719 1334 761 communicatae,
1359 720 1398 755 et
1413 716 1749 763 bibliothecarum
1795 737 1836 768 “z
1864 721 1886 766 .ss

142 771 393 815 Dresdensis‚
419 771 639 815 Leidensis‚
666 772 871 810 Parisinae
895 774 1116 822 praefectis,
1148 775 1216 821 qui
1242 773 1395 812 codices
1421 766 1684 813 Rostochium
1710 778 1754 813 etv
1813 786 1816 788 ’
1857 767 1884 783 ”’

139 828 356 867 Suerinum
381 828 600 867 mittendos
625 830 797 877 benigne
823 836 1069 870 curaverunt.

258 886 346 924 Toti
373 886 511 924 collati
536 890 631 923 sunt
656 889 817 925 omnino
845 900 915 926 sex
941 889 1114 927 codices:
1692 912 1694 915 -

315 947 345 980 1.
371 943 454 981 cod.
488 944 695 981 Parisinus
722 945 806 982 sive
830 944 1044 983 Thuaneus
1095 945 1337 984 contulimus
1363 943 1537 993 primum
1561 945 1748 983 Reitzen-
1819 994 1823 998 ι
1861 976 1868 984 ,μ

370 1012 470 1038 saec.
498 1001 579 1038 XII
616 1000 667 1045 (P
705 1001 811 1048 apud
850 1001 1045 1061 Woelffl„
1095 1004 1197 1040 stein
1223 1001 1364 1040 deinde
1397 1004 1483 1050 ipse
1512 1003 1758 1051 inspiciente·

371 1056 402 1093 T
428 1057 535 1105 apud
560 1057 708 1103 Dueb.)
1093 1060 1429 1102 Reitzensteinio‚
1498 1064 1544 1097 ut
1608 1061 1757 1120 iterata.
1801 1102 1814 1107 p
1871 1064 1898 1108 ,ς’-

313 1117 344 1151 2.
372 1113 455 1152 cod.
471 1114 680 1152 Leidensis
695 1126 794 1152 saec.
809 1115 891 1153 XII
908 1117 958 1163 (P)
973 1117 1043 1164 (L)
1094 1115 1263 1154 lectione
1288 1115 1387 1153 fides
1414 1121 1615 1163 augeatur.

313 1174 345 1208 3.
372 1170 454 1209 cod.
499 1170 736 1208 Dresdensis
779 1175 905 1211 maior
946 1186 1044 1211 saec.

339 1234 340 1237 ¹
371 1227 470 1266 XIV
498 1228 570 1275 (D)
1100 1270 1107 1277 .
1349 1268 1384 1288 .,

314 1288 346 1323 4.
373 1285 457 1323 cod.
497 1285 734 1324 Dresdensis
773 1289 904 1326 minor
946 1302 1044 1327 saec.
1097 1280 1181 1317 lpse
1207 1268 1360 1308 conum
1384 1269 1406 1311 )’
1490 1320 1521 1324 -

370 1342 468 1380 XIV
495 1343 546 1390 (ὃ)

313 1403 344 1437 5.
374 1400 471 1439 bibl.
513 1401 631 1439 Laur.
669 1403 768 1450 plut.
811 1406 857 1441 68
905 1403 987 1441 cod
1028 1407 1049 1442 8

373 1470 471 1495 saec
504 1458 566 1496 ΧῙ
591 1459 670 1506 (Μ)
1099 1445 1310 1487 utrumque
1328 1440 1502 1478 codicem
1521 1439 1651 1478 adhuc
1668 1452 1755 1478 11011

315 1518 345 1552 6,
371 1515 466 1554 bib]
506 1516 623 1554 Laus,
667 1517 766 1565 plut
809 1521 855 1556 68
898 1517 981 1555 cod
1026 1521 1048 1556 6
1099 1497 1325 1537 adhibitum
1336 1497 1561 1537 Florentiae
1580 1496 1759 1536 contulit

373 1584 471 1610 saec
499 1573 560 1611 XI
584 1574 655 1620 (N)
1096 1555 1365 1594 Reitzenstein
1374 1555 1416 1602 3).

259 1630 336 1672 (Βο
363 1630 495 1667 0οᾶ100
520 1630 557 1667 N
583 1632 733 1669 interiit
758 1631 850 1669 finis
871 1632 969 1670 belli
986 1631 1249 1670 Alexandrini
1275 1635 1314 1669 et
1336 1632 1495 1668 initium
1512 1630 1609 1669 belli
1626 1631 1752 1668 Africi

143 1698 269 1733 usque
296 1686 345 1724 ad
371 1699 408 1734 p.
437 1690 494 1731 60,
524 1691 564 1724 11
593 1688 818 1734 magnam).

257 1773 281 1810 ¹)
304 1773 409 1813 Quam
431 1772 670 1805 dubitat-ionem
689 1783 756 1806 non
775 1784 894 1806 vanam
914 1774 1019 1807 fuisse
1040 1778 1077 1806 ut
1099 1774 1280 1812 ostendam,
1300 1774 1362 1806 1100
1381 1774 1462 1811 loco,
1483 1783 1567 1812 quae
1586 1783 1693 1813 usque
1711 1774 1758 1806 ad·

142 1832 172 1859 p.
194 1824 232 1853 35
253 1821 308 1853 vel
328 1820 500 1853 addendae
520 1821 573 1853 vel
593 1821 804 1859 corrigendae
825 1825 903 1854 sunt
924 1822 1099 1854 Leidensis
1124 1821 1292 1860 lectiones,
1319 1821 1498 1860 adiungam
1525 1822 1682 1854 asterisco
1703 1822 1762 1854 eis-
1812 1858 1818 1865 .

142 1869 319 1907 adscripto,
343 1878 428 1907 quae
447 1870 537 1900 recte
556 1868 713 1907 leguntur
732 1870 819 1908 apud
840 1870 1070 1902 Duebnerum:

257 1920 284 1955 3,
298 1921 315 1948 5
337 1916 586 1955 “imponebatur
607 1916 741 1956 “longas
762 1934 798 1939 —
819 1921 875 1956 3‚7
897 1917 1098 1957 Aponiniam
1115 1927 1166 1956 pr.
1187 1934 1222 1939 -
1244 1920 1302 1956 4,4
1322 1917 1475 1949 secutus*
1495 1934 1531 1939 —
1553 1919 1608 1955 7‚3
1627 1917 1754 1956 impru-

142 1966 341 2004 dentiaeque
367 1975 404 1996 as
418 1984 431 1988 -
447 1964 485 1996 in
504 1975 607 2003 maro.
629 1982 662 1987 —
686 1968 713 2004 7,
728 1969 748 1997 4
767 1966 1010 2004 praefectisque
1030 1965 1301 2004 quidfpeterent*
1321 1965 1376 2003 (O)
1401 1982 1436 1987 —
1458 1967 1506 2007 83
1525 1965 1662 2007 interim
1675 1968 1778 2004 post——

141 2013 226 2052 petit
240 2013 394 2044 iteratum
405 2013 540 2051 etprius
550 2012 708 2044 deletum*
729 2030 766 2034 —
786 2023 879 2046 asare
887 2023 937 2052 pr.
959 2030 995 2035 —
1016 2016 1071 2052 9,3
1087 2016 1176 2046 certo
1186 2023 1246 2052 per
1263 2014 1331 2052 (per
1341 2012 1474 2050 siytum)
1485 2013 1527 2045 ad
1539 2012 1636 2045 deleto
1645 2023 1706 2052 per
1716 2030 1753 2035 —

146 2064 189 2099 11,
203 2060 347 2093 2038811*
357 2078 392 2081 -
404 2063 448 2099 13,
459 2060 656 2093 3velletom.
665 2060 745 2091 PL*
754 2077 788 2082 -—
800 2061 1013 2099 polliceretur
1022 2061 1102 2093 PL*
1114 2078 1151 2082 —
1164 2063 1228 2099 16,8
1239 2060 1370 2100 posset*
1384 2060 1444 2097 (O)
1455 2077 1489 2082 —
1502 2063 1546 2099 17,
1556 2063 1571 2093 1
1584 2060 1705 2094 africae
1717 2078 1753 2083 -

145 2112 220 2147 17‚3
242 2108 417 2141 fortuniis*
440 2126 476 2131 —
499 2112 544 2147 18,
557 2112 575 2140 3
596 2109 643 2141 ibi
663 2110 751 2141 inter
769 2119 882 2141 versus
903 2126 920 2131 ·
960 2112 1037 2147 20,4
1057 2109 1127 2141 fore
1147 2119 1260 2141 omnes
1281 2109 1359 2147 fore,
1375 2108 1486 2147 priore
1502 2108 1599 2140 deleto
1625 2126 1640 2131 -
1676 2111 1723 2147 20,
1736 2112 1763 2141 5>

141 2158 208 2188 iam
217 2157 303 2187 inter
311 2166 424 2187 versus
446 2173 481 2178 —
501 2159 577 2191 21,2
597 2157 805 2192 advenient-is
826 2157 886 2188 PL
909 2156 977 2193 (hic
987 2157 1029 2188 ad
1038 2158 1113 2187 ante
1123 2166 1253 2187 versum
1262 2155 1419 2194 suppleto)
1442 2172 1478 2177 —
1498 2159 1545 2193 21,
1559 2159 1595 2187 10
1604 2165 1674 2187 rem
1690 2156 1762 2187 2212„

145 2220 182 2226 —
202 2204 238 2235 in
268 2203 444 2242 praesidiis
472 2204 529 2242 qui
557 2206 640 2240 (non
665 2204 723 2243 qui
743 2204 930 2241 iteratumst
958 2221 995 2225 —
1022 2206 1099 2241 23‚6
1118 2203 1224 2235 hostis
1243 2220 1280 2225 —
1300 2206 1376 2241 26‚5
1397 2212 1497 2236 0111811
1516 2202 1538 2234 i.
1558 2213 1586 2234 v.
1614 2219 1648 2224 —
1676 2205 1725 2242 27,
1738 2206 1752 2235 1

142 2252 285 2285 defessis
300 2252 397 2291 pr.(')
421 2268 454 2273 -
476 2255 522 2291 31,
536 2255 553 2284 7
573 2253 640 2285 iam
660 2252 682 2285 i.
704 2263 777 2284 11.-
795 2255 842 2291 31,
856 2255 892 2285 10
910 2251 1137 2291 reppulissent
1151 2262 1212 2291 pr..
1233 2255 1270 2284 ut
1289 2251 1351 2284 vid.
1375 2268 1410 2273 —-
1432 2254 1528 2291 31,15
1548 2250 1762 2284 munitiones-

142 2300 310 2339 recipiunt
342 2317 378 2321 —
410 2303 481 2338 32‚1
503 2301 590 2333 malo
610 2301 764 2339 accepto*
796 2317 832 2322 -
863 2303 910 2339 32,
923 2304 942 2332 4
958 2303 1034 2338 post
1054 2300 1143 2332 omni
1162 2311 1290 2338 rasura,
1317 2300 1355 2331 in
1382 2310 1446 2338 qua
1475 2299 1580 2337 fuisse
1607 2299 1757 2332 videatur

142 2349 250 2381 -bus*.'
273 2366 309 2370 -
330 2351 406 2387 33,7
427 2349 567 2380 habere*
589 2365 626 2370 -
645 2348 740 2381 levis.

258 2397 344 2429 Item
364 2397 451 2428 infra
470 2396 566 2429 initio
586 2396 694 2436 ipsius
722 2396 972 2435 disceptationis
1003 2397 1160 2430 asterisco
1190 2396 1304 2429 notavi
1334 2406 1390 2429 eas
1410 2395 1553 2428 Parisini
1582 2396 1763 2434 lectiones‚.

144 2454 226 2483 quas
246 2447 337 2477 recte
357 2455 376 2475 a
397 2445 571 2476 Duebnero
592 2447 741 2476 enotatas
761 2448 819 2476 aut
839 2444 951 2476 omisit
971 2445 1146 2481 Woelfflin
1166 2447 1224 2477 aut
1243 2445 1327 2477 falso
1347 2443 1532 2482 exscripsit.

260 2491 282 2529 ρ)
305 2491 501 2530 Comparavi
522 2501 598 2523 cum
620 2491 795 2523 collatione
816 2501 889 2524 mea
899 2491 1065 2524 Duebneri
1085 2495 1278 2530 apparatum
1298 2495 1399 2530 atque
1419 2500 1635 2529 quaecunque
1655 2490 1757 2522 dubia
1888 2532 1893 2535 „

142 2539 342 2571 videbantur
362 2540 483 2571 iterum
503 2539 646 2577 inspexi.
679 2539 826 2577 Duobus,
849 2540 908 2577 qui
928 2549 981 2571 me
1000 2539 1168 2577 fugerunt,
1188 2539 1270 2571 locis
1286 2537 1466 2574 ‚lectionem
1476 2536 1644 2571 Duebneri
1664 2547 1683 2569 a
1702 2546 1766 2569 me*
1830 2560 1833 2561 γ
1882 2541 1888 2546 ’

142 2596 209 2618 non
229 2590 396 2619 enotatam
416 2587 451 2618 in
472 2589 667 2625 apparatum
687 2587 813 2625 recepi:
835 2590 882 2625 40,
895 2590 931 2618 10
952 2589 981 2618 et
1000 2587 1165 2619 amilium
1186 2588 1216 2625 δ;
1239 2590 1334 2624 135,4
1347 2587 1465 2625 potitis
1485 2586 1524 2618 D.

261 2634 284 2670 ³)
306 2634 356 2666 De
375 2635 428 2666 his
450 2634 682 2667 collationibus
702 2635 784 2667 haec
794 2634 1021 2667 Reitzenstein
1041 2645 1172 2667 mecum
1191 2634 1464 2667 communicavit:
1478 2633 1583 2665 Paulo
1596 2631 1765 2669 festinan--

156 2682 233 2719 tius,
261 2692 335 2713 cum
357 2685 484 2721 tempus
504 2682 623 2714 deesset
638 2682 783 2721 priorem
803 2683 945 2715 maoeime
965 2682 1083 2715 codicis
1108 2683 1148 2714 M
1166 2685 1303 2721 partem,
1330 2682 1426 2714 euius
1441 2680 1588 2720 pretium
1607 2678 1765 2712 nondum.
