1919 3029
142 277 274 323 pura·-
364 270 450 311 Cum
483 274 546 311 hec
576 285 716 321 saepms
751 273 907 319 facerent
943 277 989 311 et
1009 267 1483 320 proficua-mmmm
1505 276 1529 321 ‚J
1633 315 1665 327 ,τ
1713 263 1722 276 ‘
1774 293 1790 300 ν

145 332 340 378 refuyerent
363 331 576 368 instantes·
1544 336 1546 338 ’
1651 350 1660 357 n
1744 336 1749 342 ‘

128 383 132 388 ¹
265 393 322 432 11,
349 393 368 427 7
397 389 535 424 Accidit
558 400 614 424 res
643 388 863 431 incredibilis,
897 392 939 424 ut
969 390 1098 434 equites
1129 389 1246 425 minus
1273 362 1408 425 XXX
1428 387 1525 426 &aaa
1538 384 1795 439 Hm

146 447 298 491 equitum
324 447 391 481 duo
415 446 515 480 milia
541 445 610 481 loco
632 445 796 492 pellerent
820 445 1048 491 fuqarentque
1078 447 1117 481 in
1142 445 1387 501 oppidum—
1411 447 1574 489 110,13.
1584 435 1819 487 Mo*

148 506 262 539 autem
287 515 357 538 non
382 503 532 549 amplius
557 503 624 538 III
654 504 716 538 aut
741 502 803 538 IV
827 502 953 538 milites
981 503 1134 538 veterani
1167 502 1201 536 si
1231 513 1268 538 se
1292 503 1575 539 convertissenlss
1587 491 1774 556 m
1780 532 1785 536 ,,
1816 535 1820 537 .

148 561 254 595 duum
279 560 413 594 milium
437 571 580 594 numero
604 559 652 594 ad
673 570 781 595 unum
795 556 905 604 terya
928 559 1141 602 vertebant0
1224 562 1283 638 25,
1310 562 1330 597 '¹1
1357 559 1430 597 Hic
1452 570 1530 594 cum
1552 557 1761 604 Caeam(
1795 576 1797 579 ·

148 617 186 652 in
211 628 265 652 eos
289 617 453 662 impetum
477 614 646 659 fecissent,
671 615 810 651 illamam
834 615 962 660 equites
985 586 1244 661 refuyiebantss

264 676 322 717 26,
349 676 371 710 4
408 674 538 718 equites
574 675 689 708 autem
725 673 874 708 hostium
908 673 1019 718 pilum
1055 673 1178 708 militis
1219 672 1324 717 facile
1364 684 1488 709 cursu
1503 671 1671 714 mamni.
1713 691 1759 700 «-

152 734 232 774 112,
259 734 281 768 2
306 730 360 765 illi
385 730 488 765 veloci
512 741 616 764 cursu
638 729 830 775 periculum
853 729 957 773 facile
982 730 1147 764 vitabant.
1198 729 1284 768 Eto.
1593 722 1596 724 ⁵

266 786 468 829 Similiter,
496 786 602 834 quod
626 790 660 831 8,
679 790 702 824 9
727 788 869 832 tetigit,
895 791 1092 824 certamen
1119 786 1167 824 de
1193 788 1442 835 imperatoris
1467 788 1629 825 nomine
1651 784 1761 830 (flam
1804 803 1812 806 ⁴

150 845 331 890 captivus:
369 844 581 890 Imperatore
612 855 635 878 a
676 842 831 881 Caesare.
894 844 981 879 Tum
1018 843 1223 880 Considius:
1267 844 1364 881 Unus
1388 847 1448 887 est,
1487 844 1608 889 inquit,
1645 841 1761 889 Scipio

151 902 338 947 imperator
363 902 423 936 hoc
449 903 595 947 tempore
618 901 739 946 populi
765 901 955 944 Romani),
990 901 1037 939 de
1064 901 1200 939 eodem
1227 903 1496 940 centurionem
1531 900 1760 964 loquentem

152 959 245 997 facit
272 961 330 1002 75,
356 962 396 996 8·
432 958 502 993 Pro
528 960 585 993 tuo
618 970 749 993 summo
782 959 952 1003 beneficio,
983 959 1108 1005 Scipio,
1143 958 1205 993 tibi
1232 959 1370 1004 yratias
1400 970 1463 1004 ayo
1495 980 1537 984 —-
1571 969 1642 993 mm
1670 957 1762 993 enim

151 1017 391 1062 imperatorem
417 1019 448 1051 te
473 1016 624 1061 appello;
651 1020 689 1053 et
714 1028 762 1053 ne
784 1019 863 1059 135,
879 1020 900 1054 3
927 1016 1097 1063 quidem,
1125 1017 1220 1063 quin
1234 1018 1407 1063 graviter
1420 1016 1539 1054 addat
1551 1015 1760 1097 imperatori,

152 1072 276 1110 facere
301 1077 444 1120 potest.

267 1130 400 1177 Atque
418 1134 464 1167 ut
482 1130 578 1167 haec
596 1129 798 1168 doctrinae
816 1130 1032 1167 rhetoricae
1048 1130 1241 1168 debentur
1260 1142 1283 1167 a
1300 1142 1424 1178 parvo
1444 1141 1539 1168 sane
1559 1129 1761 1171 adhibitae

152 1188 324 1232 ingenio.
365 1189 421 1223 ita
456 1186 535 1223 alia
569 1189 740 1233 partium
773 1189 901 1232 gratia
937 1187 985 1223 ab
1021 1190 1179 1224 auctore
1210 1187 1365 1234 prolata
1403 1188 1657 1233 essenegari
1679 1198 1763 1224 non

153 1247 295 1291 potest.
348 1243 528 1281 Caesaris
557 1243 715 1291 quidem
748 1244 928 1291 partibus
963 1248 1162 1282 auctorem
1197 1248 1326 1283 totum
1360 1256 1401 1282 se
1434 1243 1635 1293 addixisse
1660 1245 1760 1282 satis

154 1300 292 1338 multis
319 1301 382 1338 vel
409 1312 432 1337 a
457 1300 696 1348 Nipperdeio
724 1300 916 1348 exemplis
943 1302 1244 1351 comprobatum
1271 1306 1341 1345 est,
1368 1313 1495 1349 neque
1520 1313 1600 1339 rem
1627 1302 1760 1339 tritam

153 1362 409 1396 retractemus
437 1362 601 1406 oportet.
659 1358 795 1396 Unum
833 1362 966 1396 tamen
1002 1357 1259 1406 premendum
1293 1363 1365 1403 est,
1401 1371 1447 1398 ex
1485 1371 1562 1407 quo
1589 1359 1760 1397 auctoris

157 1428 245 1453 cum
285 1416 441 1454 indoles
480 1419 565 1453 tum
604 1415 703 1453 fides
743 1417 932 1454 historica
973 1416 1116 1453 melius
1158 1418 1427 1464 perspiciatur.
1491 1417 1580 1454 Non
1630 1412 1761 1466 solum

156 1475 329 1521 ineptias
344 1474 373 1518 ¹)
400 1473 562 1521 proferri
589 1475 630 1510 in
657 1473 731 1511 hoe
758 1474 1039 1511 commentario
1067 1473 1223 1511 videtur
1250 1470 1512 1512 demonstrari
1536 1485 1667 1521 posse,
1691 1473 1761 1511 sed

157 1532 277 1568 etiam
304 1533 437 1578 ipsum
464 1543 591 1568 rerum
620 1534 766 1568 statum
794 1532 966 1578 partium
993 1533 1122 1577 gratia
1146 1543 1265 1579 prave
1291 1531 1432 1576 referri.
1480 1531 1693 1579 Imprimis,
1718 1535 1763 1568 ut

159 1588 235 1625 hoc
261 1587 435 1631 afferam,
460 1589 501 1625 in
529 1589 643 1625 initio
670 1588 778 1631 belli,
807 1592 955 1635 quanto
982 1587 1157 1635 periculo
1190 1587 1334 1625 Caesar
1358 1592 1547 1636 perpetuo
1581 1591 1760 1626 versatus

158 1647 221 1687 sit,
254 1657 416 1685 summa
463 1644 671 1692 diligentia
720 1651 855 1683 auctor
893 1657 967 1683 nos
1006 1645 1117 1683 celat.
1195 1645 1318 1697 Cujus
1361 1647 1416 1684 rei
1466 1644 1623 1684 duobus
1671 1648 1762 1684 utar

157 1702 363 1750 exemplis,
389 1704 516 1750 primo
545 1714 627 1750 cap.
656 1706 688 1743 7.
715 1707 747 1739 4.

273 1760 419 1795 Interim
455 1758 585 1795 Caesar
622 1772 645 1794 a
678 1760 768 1794 mari
801 1771 869 1795 non
901 1760 1034 1805 diyredi
1064 1771 1172 1804 neque
1204 1760 1454 1795 mediterranea
1484 1763 1596 1805 petere
1624 1762 1763 1806 propter

156 1817 299 1852 navium
323 1828 471 1852 errorem
497 1817 751 1861 equitatumque
775 1817 813 1852 in
837 1818 983 1852 navibus
1008 1828 1137 1852 ontnem
1162 1817 1341 1860 continere,
1367 1819 1406 1852 ut
1431 1817 1590 1860 arbitror,
1619 1829 1663 1853 ne
1686 1817 1764 1863 ayri

156 1877 386 1910 vastarentur.
438 1874 497 1912 Re
523 1886 615 1912 vera
640 1886 760 1912 causa
786 1876 882 1913 haec
914 1874 1072 1913 videtur
1103 1875 1237 1919 fuisse,
1273 1876 1378 1923 quod
1406 1875 1551 1913 Caesar
1583 1877 1625 1913 in
1661 1879 1764 1913 terra

158 1933 344 1971 hostibus
372 1934 510 1979 impar,
537 1933 572 1969 si
598 1931 659 1969 illi
685 1932 1000 1979 aggrederentur,
1025 1932 1115 1971 vela
1133 1932 1224 1969 dare
1242 1933 1284 1969 in
1303 1934 1434 1971 animo
1454 1932 1643 1976 habebat,
1670 1944 1762 1971 nam

156 2001 295 2034 ‚aquam
321 1990 360 2024 in
383 2001 487 2024 naves
511 1989 603 2024 iubet
627 1989 893 2036 comportari’2).

273 2047 403 2085 Multo
437 2046 693 2085 luculentius,
718 2048 944 2095 exemplum
979 2053 1039 2086 est
1074 2060 1156 2095 cap·
1194 2051 1251 2091 31,
1286 2047 1392 2095 quod
1434 2051 1563 2086 totum
1596 2050 1761 2087 circum-

159 2104 326 2141 scribere
354 2107 516 2152 oportet.

275 2161 421 2199 Caesar
458 2162 574 2200 hoste
612 2162 844 2209 procedente
884 2161 1031 2200 milites
1082 2163 1123 2199 in
1162 2165 1290 2200 castra
1332 2162 1441 2201 iubet
1481 2162 1614 2201 redire.
1678 2164 1763 2203 Hoc

160 2223 343 2256 narratur
368 2221 410 2256 in
435 2219 696 2266 paragraphis
718 2223 734 2255 1
749 2223 810 2257 -3
822 2219 863 2264 ³).
908 2220 992 2257 Iam
1018 2224 1237 2266 sequuntur
1253 2218 1540 2258 meditationes.
1585 2221 1763 2266 Primum
1796 2260 1799 2261 γ
1829 2249 1832 2254 -

278 2352 300 2387 ¹)
324 2352 373 2384 Cf.
394 2362 464 2391 cap.
483 2355 528 2391 10,
540 2355 574 2384 3:
597 2352 706 2391 Neque
726 2352 899 2391 quiequam
919 2352 1031 2383 solatii
1050 2352 1088 2384 in
1103 2353 1289 2391 praesentia
1308 2362 1409 2391 neque
1428 2353 1549 2395 auxih‘i
1569 2352 1608 2385 in
1627 2363 1765 2387 suorum

159 2399 296 2432 consilio
323 2400 475 2432 animum
503 2399 711 2438 advertebant,
746 2399 816 2431 nisi
848 2399 885 2431 in
911 2399 1019 2438 ipsius
1055 2399 1260 2439 imperatoris
1293 2400 1386 2433 vultu
1417 2400 1523 2440 m'yore
1558 2401 1764 2442 mirabiliqvae

159 2447 341 2481 hilaritate:
362 2448 515 2481 animum
535 2449 623 2481 enim
643 2449 748 2481 altum
768 2451 798 2481 et
817 2451 956 2481 erectum
971 2459 1052 2488 prae
1072 2459 1105 2481 se
1123 2449 1255 2488 yerebat.
1286 2449 1350 2482 Hic
1369 2450 1606 2489 acquiescebant
1615 2448 1764 2483 homines

159 2499 188 2529 et
208 2497 246 2529 in
266 2497 338 2528 eius
357 2497 493 2529 scientea
513 2497 627 2529 omnia
647 2497 712 2528 sibi
728 2497 885 2535 proclivia
904 2507 1017 2529 omnes
1033 2497 1102 2534 fore
1118 2497 1297 2536 sperabant.
1311 2514 1344 2519 -—
1356 2498 1428 2530 Hoc
1450 2508 1557 2530 unum
1576 2498 1763 2542 dolendum,

160 2544 249 2583 quod
269 2554 312 2577 ex
332 2545 440 2583 ipsius
459 2544 604 2577 auctoris
625 2544 811 2577 narratione
832 2544 952 2577 Caesar
971 2554 1038 2577 11011
1059 2544 1161 2577 adest.

275 2592 298 2630 ²)
320 2592 369 2625 cf.
390 2592 542 2625 Moelken
562 2603 593 2631 p.
617 2595 661 2630 19,
682 2593 740 2631 qui
760 2593 801 2625 de
821 2603 857 2625 re
876 2592 965 2625 idem
986 2593 1134 2625 sentiens
1153 2592 1352 2631 imperitiam
1372 2596 1483 2626 tamen
1500 2593 1644 2626 auctoris
1664 2603 1762 2639 quam

161 2640 308 2672 studium
328 2639 471 2678 partium
490 2649 645 2672 accusare
664 2640 799 2672 mavult-

276 2688 299 2724 ³)
320 2687 445 2719 Eadem
464 2690 536 2720 arte
554 2696 625 2719 rem
644 2687 867 2726 importunam
888 2687 1002 2719 multis
1022 2687 1134 2720 verbis
1154 2687 1286 2720 celandi
1305 2690 1420 2720 auctor
1439 2687 1544 2721 utitur
1555 2697 1631 2727 cap.
1652 2691 1679 2720 5.
